timestamp,best_bid_price,best_ask_price
1638903600322,4317.9,4317.95
1638903662531,4312.1,4312.15
1638903722093,4311.35,4311.4
1638903781393,4307.45,4307.5
1638903841670,4302.45,4303.25
1638903902008,4291.5,4291.55
1638903961246,4296.7,4296.75
1638904021543,4297.55,4297.6
1638904081710,4304.05,4304.6
1638904141291,4311.5,4311.55
1638904201517,4311.85,4311.9
1638904261932,4305.45,4305.5
1638904321167,4305.9,4305.95
1638904381426,4302.85,4302.9
1638904441688,4309.35,4309.4
1638904502062,4314.85,4314.9
1638904561344,4320.8,4320.9
1638904621693,4323.7,4323.75
1638904681933,4321.35,4321.4
1638904741249,4314.1,4314.15
1638904801656,4317.35,4317.4
1638904862028,4317.7,4317.75
1638904921214,4319.15,4319.2
1638904981520,4328.6,4328.65
1638905041920,4329.85,4329.9
1638905101153,4328.95,4329
1638905161471,4330.05,4330.1
1638905221776,4332.35,4332.4
1638905282052,4328.85,4328.9
1638905341324,4326.6,4326.65
1638905401895,4326.1,4326.15
1638905461161,4324.85,4324.9
1638905521398,4329.85,4329.9
1638905581683,4332.85,4332.9
1638905642056,4331.3,4331.35
1638905701320,4329,4329.05
1638905761616,4327.35,4327.4
1638905821912,4326.35,4326.4
1638905881227,4323.75,4323.8
1638905941562,4322.45,4322.5
1638906001910,4321.85,4321.9
1638906061130,4323.85,4323.9
1638906121469,4322.35,4322.4
1638906181810,4318.35,4318.4
1638906242061,4316.1,4316.15
1638906301297,4316.85,4316.9
1638906361650,4321.9,4321.95
1638906421992,4313.1,4313.45
1638906481235,4306.85,4306.9
1638906541564,4304.15,4304.2
1638906602008,4310.6,4310.65
1638906661271,4311.2,4311.25
1638906721531,4318.9,4318.95
1638906781837,4315.6,4315.65
1638906842137,4316.1,4316.15
1638906901417,4322.25,4322.3
1638906961750,4323.6,4323.65
1638907022113,4324.85,4324.9
1638907081369,4323.1,4323.15
1638907141550,4319.6,4319.65
1638907202017,4316.6,4316.65
1638907261567,4315.25,4315.3
1638907322030,4317.25,4317.3
1638907381251,4324.35,4324.4
1638907441638,4325.15,4325.2
1638907501947,4329.35,4329.4
1638907561099,4333.6,4333.65
1638907621498,4332.7,4332.75
1638907681749,4330.1,4330.15
1638907742130,4331.85,4331.9
1638907801434,4333.15,4333.2
1638907861743,4335.8,4335.85
1638907922098,4327.35,4327.4
1638907981332,4325.6,4325.65
1638908041565,4322.3,4322.35
1638908101899,4317.35,4317.4
1638908161292,4313.6,4313.65
1638908221663,4311.2,4311.25
1638908281878,4316.35,4316.4
1638908341258,4308.1,4308.15
1638908401593,4310.6,4310.65
1638908461922,4310.85,4310.9
1638908521181,4308.35,4308.4
1638908581404,4304.8,4304.85
1638908641658,4299.95,4300
1638908701957,4286.6,4286.65
1638908761270,4290.6,4290.65
1638908822643,4285.15,4285.2
1638908882000,4285.35,4285.4
1638908941288,4290.85,4290.9
1638909001576,4287.85,4287.9
1638909061864,4296.25,4296.3
1638909121229,4298.7,4298.75
1638909181423,4291.6,4291.65
1638909241826,4280.95,4281
1638909302150,4277.6,4277.65
1638909361531,4276.35,4276.4
1638909421671,4279.6,4280.05
1638909481273,4272.6,4272.65
1638909541574,4275.95,4276
1638909601833,4268.9,4268.95
1638909661296,4274.35,4274.65
1638909721717,4277.75,4277.8
1638909781852,4292.65,4292.7
1638909841473,4288.1,4288.15
1638909901812,4288.1,4288.15
1638909962149,4281.1,4281.15
1638910021490,4278.05,4278.1
1638910081762,4274.85,4274.9
1638910142098,4278.85,4278.9
1638910201433,4278.1,4278.15
1638910261826,4270.6,4270.65
1638910322146,4277.85,4277.9
1638910381432,4275.85,4275.9
1638910441713,4281,4281.05
1638910501943,4276.85,4276.9
1638910561329,4293.95,4294.9
1638910621705,4291.1,4291.15
1638910681999,4292,4292.05
1638910741698,4288.85,4288.9
1638910801904,4292.85,4292.9
1638910861738,4283.35,4283.7
1638910921492,4280.6,4280.65
1638910982035,4285.75,4285.8
1638911041317,4282.1,4282.15
1638911102113,4280.7,4280.75
1638911161473,4289.15,4289.2
1638911221748,4292.8,4292.85
1638911282082,4295.2,4295.25
1638911341421,4303.5,4303.55
1638911401776,4309.6,4309.65
1638911461904,4311.05,4311.1
1638911521748,4311.65,4311.7
1638911582103,4312.35,4312.4
1638911641364,4322.3,4322.35
1638911701641,4317.6,4317.65
1638911761991,4319.75,4319.8
1638911821248,4323.85,4323.9
1638911881581,4320.6,4320.65
1638911941878,4327.85,4327.9
1638912002231,4325.6,4325.65
1638912061521,4319.6,4319.65
1638912121866,4314.1,4314.15
1638912182095,4315.35,4315.4
1638912241332,4318.1,4318.15
1638912301735,4310.05,4310.1
1638912362109,4311.65,4311.7
1638912421361,4316.1,4316.15
1638912481605,4315.35,4315.4
1638912541827,4323.85,4323.9
1638912601445,4321.4,4321.45
1638912661724,4325.85,4325.9
1638912722088,4326.1,4326.15
1638912781413,4326.5,4326.95
1638912841732,4321,4321.05
1638912902076,4319.75,4319.8
1638912961421,4323.05,4323.1
1638913021742,4321.1,4321.15
1638913081988,4316.1,4316.15
1638913141304,4313.85,4313.9
1638913201572,4316.3,4316.35
1638913262015,4316.85,4316.9
1638913321345,4314.5,4314.55
1638913381640,4318.45,4318.5
1638913442742,4317.1,4317.15
1638913502094,4312.6,4312.65
1638913561391,4318.6,4318.65
1638913621686,4317.1,4317.15
1638913681946,4311.1,4311.15
1638913741218,4307.95,4308
1638913801551,4306.2,4306.25
1638913861850,4301.6,4301.65
1638913922177,4288.85,4288.9
1638913981388,4289.75,4289.8
1638914041705,4289.35,4289.4
1638914102052,4290.1,4290.15
1638914161276,4288.6,4288.65
1638914221623,4289.55,4289.6
1638914281971,4293.6,4293.65
1638914341301,4295.6,4295.65
1638914401883,4293.35,4293.4
1638914461814,4296.5,4296.55
1638914521637,4296.85,4296.9
1638914581855,4295.1,4295.15
1638914641196,4286.6,4286.65
1638914701529,4284,4284.35
1638914761844,4281.6,4281.65
1638914821128,4281.85,4281.9
1638914881407,4281.1,4281.15
1638914941538,4279.1,4279.15
1638915002061,4276.6,4276.65
1638915061346,4287.25,4287.3
1638915121472,4286.7,4287.4
1638915182142,4289.65,4289.7
1638915241416,4283.65,4283.7
1638915301716,4276.35,4276.6
1638915362108,4271.75,4272.3
1638915421393,4278.35,4278.4
1638915481773,4285.15,4285.4
1638915542119,4289.25,4289.3
1638915601401,4282.1,4282.2
1638915661734,4271.6,4271.65
1638915722109,4274.35,4274.9
1638915781341,4267.65,4268.35
1638915841691,4270.75,4270.8
1638915901999,4272.65,4273.85
1638915961237,4270.35,4270.4
1638916021522,4273.65,4274
1638916081849,4288.7,4288.75
1638916141106,4291.3,4291.35
1638916201471,4290.6,4290.65
1638916261752,4290.25,4290.3
1638916322090,4293.85,4293.9
1638916381438,4295.1,4295.15
1638916441738,4300.3,4300.35
1638916502148,4302.25,4302.3
1638916561444,4301.85,4301.9
1638916621737,4301.85,4301.9
1638916682057,4302.45,4302.5
1638916741332,4311.55,4311.6
1638916801617,4308.95,4309
1638916862321,4300,4300.05
1638916921610,4292.95,4293.1
1638916981926,4292.1,4292.15
1638917041068,4294.6,4294.9
1638917101434,4294.45,4294.5
1638917161755,4291.6,4291.65
1638917222110,4291.1,4291.15
1638917281350,4285.6,4285.65
1638917341668,4278.1,4278.15
1638917402009,4277.35,4277.4
1638917461284,4269.8,4269.85
1638917521610,4265.3,4265.35
1638917582035,4269.4,4269.45
1638917641348,4268.75,4268.8
1638917701698,4269.75,4269.8
1638917762042,4271.15,4271.2
1638917821393,4276.1,4276.15
1638917881679,4275.1,4275.15
1638917942028,4280.35,4280.4
1638918001388,4273.15,4273.2
1638918062410,4267.05,4267.1
1638918121914,4271.4,4271.45
1638918181216,4274.85,4274.9
1638918241397,4277.85,4277.9
1638918301810,4276.15,4276.2
1638918362187,4276.1,4276.15
1638918421504,4279.1,4279.15
1638918482256,4281.35,4281.4
1638918541591,4281.35,4281.4
1638918601944,4280.3,4280.35
1638918661301,4280,4280.05
1638918721573,4287.3,4287.35
1638918781885,4286.2,4286.25
1638918841926,4289.15,4289.2
1638918901306,4291.1,4291.15
1638918961664,4293.85,4293.9
1638919022032,4298.2,4298.25
1638919081281,4301.5,4301.55
1638919141560,4302.6,4302.65
1638919201903,4307.45,4307.5
1638919261110,4305.65,4305.7
1638919321651,4300.1,4300.15
1638919381966,4303.15,4303.2
1638919441385,4301.1,4301.15
1638919501624,4307.7,4307.75
1638919561998,4302.6,4302.65
1638919621313,4298.35,4298.4
1638919681535,4294.85,4294.9
1638919741854,4293.85,4293.9
1638919801180,4290.7,4290.75
1638919861524,4297.35,4297.4
1638919921804,4296.25,4296.3
1638919982117,4297.55,4297.6
1638920041434,4301.2,4301.25
1638920101766,4302.9,4302.95
1638920162069,4305.1,4305.15
1638920221353,4303.6,4303.65
1638920281634,4301.6,4301.65
1638920342047,4299.7,4299.75
1638920402055,4304.15,4304.2
1638920461289,4310.85,4310.9
1638920521826,4313.35,4313.4
1638920582091,4310.25,4310.3
1638920641460,4315.9,4315.95
1638920701738,4317.95,4318
1638920761232,4311.6,4311.65
1638920821440,4308.6,4308.65
1638920881798,4306.7,4306.75
1638920942050,4306.45,4306.5
1638921001437,4302.1,4302.15
1638921061672,4304.95,4305
1638921121961,4301.1,4301.15
1638921181213,4303.35,4303.4
1638921241410,4302.35,4302.4
1638921301750,4307.65,4307.7
1638921362088,4315.4,4315.45
1638921421386,4317.9,4317.95
1638921481705,4315.6,4315.65
1638921558205,4310.4,4310.45
1638921602534,4311.45,4311.5
1638921662462,4319.95,4320
1638921722057,4314.35,4314.4
1638921781365,4313.45,4313.5
1638921841674,4306.2,4306.25
1638921902006,4302.8,4302.85
1638921961335,4297.9,4297.95
1638922022401,4296.35,4296.4
1638922081645,4299.85,4299.9
1638922142011,4311.6,4311.65
1638922201395,4315.85,4315.9
1638922261602,4315.6,4315.65
1638922322029,4309.75,4309.8
1638922382050,4303.7,4303.75
1638922441323,4303.1,4303.15
1638922501737,4308.85,4308.9
1638922562159,4298.55,4298.6
1638922621464,4297.1,4297.15
1638922681809,4296.3,4296.35
1638922742151,4295.6,4295.65
1638922801491,4299.35,4299.4
1638922861778,4299.1,4299.15
1638922922123,4294.2,4294.25
1638922981369,4293.6,4293.65
1638923041567,4292.15,4292.2
1638923101960,4287.1,4287.15
1638923161331,4289.15,4289.2
1638923221695,4298.85,4298.9
1638923281989,4299.5,4299.55
1638923341251,4313.65,4313.7
1638923401637,4314.3,4314.35
1638923461889,4319.1,4319.15
1638923521289,4313.3,4313.35
1638923581538,4310.45,4310.5
1638923641973,4334.3,4334.35
1638923701310,4333.7,4333.75
1638923761585,4346.65,4346.7
1638923821945,4346.85,4346.9
1638923881187,4341.15,4341.2
1638923941486,4342.8,4342.85
1638924001909,4346.1,4346.15
1638924061197,4337.6,4337.65
1638924121472,4340.85,4340.9
1638924181769,4341.75,4341.8
1638924242102,4338.05,4338.1
1638924301361,4343.3,4343.35
1638924361744,4342.35,4342.4
1638924422054,4335.5,4335.55
1638924481306,4339.45,4339.5
1638924541470,4337.5,4337.55
1638924601906,4337.35,4337.4
1638924662003,4334.3,4334.35
1638924721470,4329.1,4329.15
1638924781757,4329,4329.05
1638924842112,4324.6,4324.65
1638924901377,4326.35,4326.4
1638924961728,4327.3,4327.35
1638925022842,4328.35,4328.4
1638925082138,4327.7,4327.75
1638925141414,4328.8,4328.85
1638925201721,4331.45,4331.5
1638925262415,4332.85,4332.9
1638925321868,4330.7,4330.75
1638925382140,4333.55,4333.6
1638925441379,4334.1,4334.15
1638925501784,4339.7,4339.75
1638925562203,4340.3,4340.35
1638925621460,4340,4340.05
1638925681728,4337.05,4337.1
1638925742036,4342.8,4342.85
1638925801317,4345.3,4345.35
1638925861610,4343.6,4343.65
1638925921922,4344.1,4344.15
1638925981138,4343.4,4343.45
1638926041466,4337.95,4338
1638926101859,4336.25,4336.3
1638926162223,4331.55,4331.6
1638926221549,4328.3,4328.35
1638926281881,4324.3,4324.35
1638926342212,4326.1,4326.15
1638926401554,4328.15,4328.2
1638926461915,4331.3,4331.35
1638926521197,4333.25,4333.3
1638926581490,4341.3,4341.35
1638926641812,4342.3,4342.35
1638926702035,4338.35,4338.4
1638926761377,4338.35,4338.4
1638926821622,4334.75,4334.8
1638926881928,4332.45,4332.5
1638926941198,4333.85,4333.9
1638927001518,4336.8,4336.85
1638927061810,4332.2,4332.25
1638927122076,4331.75,4331.8
1638927181402,4326.95,4327
1638927241790,4324.05,4324.1
1638927302106,4324.95,4325
1638927361356,4323.7,4323.75
1638927421579,4323.1,4323.15
1638927481910,4326.5,4326.55
1638927541215,4320.35,4320.4
1638927601578,4316.7,4316.75
1638927661876,4319.7,4319.75
1638927722166,4315.95,4316
1638927781428,4317.65,4317.7
1638927841775,4318.7,4318.75
1638927902149,4321.1,4321.15
1638927961447,4321.1,4321.15
1638928021797,4318.5,4318.55
1638928082150,4317.7,4317.75
1638928141458,4321.1,4321.15
1638928201820,4324.8,4324.85
1638928262122,4320.95,4321
1638928321402,4325.45,4325.5
1638928381746,4316.35,4316.4
1638928442094,4317.25,4317.3
1638928501754,4314.6,4314.65
1638928562076,4314.25,4314.3
1638928621393,4315,4315.05
1638928681668,4317.25,4317.3
1638928742080,4317.15,4317.2
1638928801396,4316.55,4316.6
1638928862083,4317.6,4317.65
1638928921637,4318.05,4318.1
1638928981994,4317.2,4317.25
1638929041286,4315.25,4315.3
1638929101525,4322.3,4322.35
1638929161882,4320.7,4321.45
1638929221139,4320.35,4320.4
1638929281500,4325.6,4325.65
1638929341832,4322.1,4322.15
1638929402026,4326.5,4326.55
1638929461538,4323,4323.05
1638929521872,4324.4,4324.45
1638929581159,4325,4325.05
1638929641411,4330.35,4330.4
1638929701700,4333.6,4333.65
1638929762077,4325.1,4325.15
1638929821417,4327.45,4327.5
1638929881738,4330.15,4330.2
1638929942006,4330.85,4330.9
1638930001269,4323.75,4323.8
1638930061558,4323.9,4323.95
1638930121878,4319.6,4319.65
1638930182258,4321.65,4321.7
1638930241379,4322.1,4322.15
1638930301857,4326.85,4326.9
1638930362165,4327.35,4327.4
1638930421433,4330.95,4331
1638930481762,4330.6,4330.65
1638930542117,4332.3,4332.35
1638930601399,4333.95,4334
1638930662515,4336.35,4336.4
1638930721888,4335,4335.05
1638930782211,4337,4337.05
1638930841516,4337.7,4337.75
1638930901900,4337.1,4337.15
1638930961216,4333.6,4333.65
1638931021853,4333.55,4333.6
1638931082159,4332.7,4332.75
1638931141410,4330.85,4330.9
1638931201648,4329.9,4329.95
1638931262131,4329.1,4329.15
1638931321411,4326.05,4326.1
1638931381734,4327.6,4327.65
1638931442039,4326.6,4326.65
1638931501216,4326.1,4326.15
1638931561467,4325.85,4325.9
1638931621872,4323.8,4323.85
1638931682159,4324.6,4324.65
1638931741497,4328.35,4328.4
1638931801769,4330.65,4330.7
1638931862127,4323.85,4323.9
1638931921443,4318.1,4318.15
1638931981748,4314.85,4314.9
1638932042066,4315.55,4315.6
1638932101407,4313.5,4313.65
1638932161756,4313.6,4313.65
1638932222181,4311.6,4311.65
1638932281485,4298.45,4298.5
1638932341815,4299,4299.05
1638932402151,4297.85,4297.9
1638932461866,4293.35,4293.4
1638932521548,4290.8,4290.85
1638932581850,4290.85,4290.9
1638932642184,4293.75,4293.8
1638932701430,4299.6,4299.65
1638932761680,4298,4298.05
1638932821960,4302.35,4302.4
1638932881276,4301.6,4301.65
1638932941654,4302.45,4302.5
1638933002058,4304.15,4304.2
1638933061341,4308.2,4308.25
1638933121618,4309.85,4309.9
1638933181886,4317.55,4317.6
1638933242163,4321.1,4321.15
1638933301520,4322.6,4322.65
1638933361911,4319.3,4319.35
1638933421182,4326.85,4326.9
1638933481433,4330.35,4330.4
1638933541759,4327.3,4328.3
1638933602046,4323.6,4323.65
1638933661331,4318.5,4318.55
1638933721673,4320.85,4320.9
1638933781957,4316.15,4316.2
1638933841210,4316.85,4316.9
1638933901555,4321.75,4321.8
1638933961893,4323.6,4323.65
1638934021189,4323.1,4323.15
1638934081427,4325.6,4325.65
1638934141703,4323.1,4323.15
1638934202098,4317.2,4317.25
1638934261376,4320.2,4320.25
1638934321677,4320.7,4320.75
1638934382039,4325.95,4326
1638934441307,4328.95,4329
1638934502351,4327.85,4327.9
1638934561697,4323.6,4323.65
1638934622019,4324.35,4324.4
1638934681272,4326.35,4326.4
1638934741691,4320.6,4320.65
1638934802062,4321,4321.05
1638934861340,4316.45,4316.5
1638934921660,4317.35,4317.4
1638934982052,4315.1,4315.15
1638935041298,4317.2,4317.25
1638935101594,4311.95,4312
1638935162665,4308.1,4308.15
1638935221933,4309.95,4310
1638935281212,4306.6,4306.65
1638935341482,4300.6,4300.65
1638935401828,4300.85,4300.9
1638935462261,4289.4,4289.45
1638935521595,4288.95,4289
1638935581928,4291.6,4291.65
1638935641179,4295.1,4295.15
1638935701459,4291.35,4291.4
1638935761790,4293.5,4293.55
1638935822076,4293.85,4293.9
1638935881429,4298.1,4298.15
1638935941738,4297.6,4297.65
1638936002564,4298.6,4298.65
1638936062166,4309.85,4309.9
1638936121532,4310.85,4310.9
1638936181893,4310,4310.05
1638936242195,4307.05,4307.1
1638936301519,4307.35,4307.4
1638936361856,4312.3,4312.75
1638936422131,4312.2,4312.25
1638936481482,4320.65,4320.7
1638936541814,4317.95,4318
1638936602199,4315.8,4315.85
1638936661481,4319.7,4319.75
1638936721776,4316.1,4316.15
1638936782162,4318.35,4318.4
1638936841430,4317.75,4317.8
1638936901843,4322.7,4322.75
1638936961149,4324.35,4324.4
1638937021556,4320.1,4320.15
1638937081910,4324.6,4324.65
1638937141207,4325.85,4325.9
1638937201495,4325.3,4325.35
1638937261807,4321.6,4321.65
1638937322154,4324.35,4324.4
1638937381418,4324.85,4324.9
1638937441749,4321,4321.05
1638937502130,4324.35,4324.4
1638937561433,4326.1,4326.15
1638937621734,4323.6,4323.65
1638937682095,4316.75,4316.8
1638937741349,4311.6,4311.65
1638937801735,4310.75,4310.8
1638937861990,4312.1,4312.15
1638937921322,4314.4,4314.45
1638937981601,4318.1,4318.15
1638938041842,4311.4,4311.45
1638938102171,4306.6,4306.65
1638938161503,4303.95,4304
1638938221837,4302.6,4302.65
1638938282228,4301.75,4301.8
1638938341463,4304.1,4304.15
1638938401859,4300,4300.05
1638938462586,4305.85,4305.9
1638938521888,4311.1,4311.15
1638938582232,4311.85,4311.9
1638938641534,4316.85,4316.9
1638938701856,4319.35,4319.4
1638938762064,4320.15,4320.2
1638938821343,4320.35,4320.4
1638938881649,4314.15,4314.2
1638938941886,4315.3,4315.35
1638939001262,4315.35,4315.4
1638939061533,4318.1,4318.15
1638939121786,4319.85,4319.9
1638939182137,4317.75,4317.8
1638939241470,4314.85,4314.9
1638939301836,4317.95,4318
1638939362125,4321.1,4321.15
1638939421401,4322.7,4322.75
1638939481519,4325.45,4325.5
1638939541923,4326.45,4326.5
1638939601228,4325.85,4325.9
1638939661717,4326.15,4326.2
1638939721454,4323.6,4323.65
1638939781930,4323.25,4323.3
1638939841152,4327.7,4327.75
1638939901478,4321.55,4321.6
1638939961706,4316.4,4316.45
1638940021963,4316.4,4316.45
1638940081311,4314.95,4315
1638940141571,4323.95,4324
1638940201926,4330.2,4330.25
1638940261166,4332.25,4332.3
1638940321572,4340.85,4340.9
1638940381879,4340.35,4340.4
1638940442153,4344.15,4344.2
1638940501428,4340,4340.05
1638940561679,4335.35,4335.4
1638940622040,4333.4,4333.45
1638940681319,4337.1,4337.15
1638940741649,4336.6,4336.65
1638940802016,4342.5,4342.55
1638940861127,4343.6,4343.65
1638940921645,4342.1,4342.15
1638940981883,4341.35,4341.4
1638941041303,4338.1,4338.15
1638941101693,4341.6,4341.65
1638941162047,4341.6,4341.65
1638941221343,4342.85,4342.9
1638941281694,4343.85,4343.9
1638941341999,4347.15,4347.2
1638941401290,4345.35,4345.4
1638941461535,4340.1,4340.15
1638941521860,4339.6,4339.65
1638941582242,4337.1,4337.15
1638941641556,4339.5,4339.55
1638941701836,4340.4,4340.45
1638941762313,4335.15,4335.2
1638941821597,4334.85,4334.9
1638941881871,4333.85,4333.9
1638941941216,4335.25,4335.3
1638942001522,4337.75,4337.8
1638942061787,4336.2,4336.25
1638942122116,4336.2,4336.25
1638942181342,4339.85,4339.9
1638942242078,4339.65,4339.7
1638942301372,4342.25,4342.3
1638942361645,4336.95,4337
1638942422031,4336.6,4336.65
1638942481318,4333.1,4333.15
1638942541607,4332.35,4332.4
1638942601900,4332.1,4332.15
1638942661252,4329.85,4329.9
1638942721460,4330.6,4330.65
1638942781805,4328.7,4328.75
1638942842030,4332.4,4332.45
1638942901387,4331.95,4332
1638942961721,4327.6,4327.65
1638943022047,4330.35,4330.4
1638943081302,4330.95,4331
1638943141636,4333.05,4333.1
1638943202017,4329.75,4329.8
1638943261500,4337,4337.05
1638943322046,4332.6,4332.65
1638943381413,4329.35,4329.4
1638943441769,4331.65,4331.7
1638943501403,4329.6,4329.65
1638943561678,4326.25,4326.3
1638943622006,4328.7,4328.75
1638943681162,4330.5,4330.55
1638943741554,4333.35,4333.4
1638943802696,4337.85,4337.9
1638943861899,4335.1,4335.15
1638943921207,4336.85,4336.9
1638943981474,4336.25,4336.3
1638944041782,4341.45,4341.5
1638944102239,4343.2,4343.25
1638944161546,4352.35,4352.4
1638944221835,4361.05,4361.1
1638944282174,4370.95,4371
1638944341437,4368.5,4368.55
1638944401790,4365.3,4365.35
1638944462100,4370.1,4370.15
1638944521361,4372.55,4372.6
1638944581629,4370.6,4370.65
1638944641860,4369.05,4369.1
1638944702348,4373.6,4373.65
1638944761826,4367.35,4367.4
1638944822174,4365.85,4365.9
1638944881397,4363.1,4363.15
1638944941779,4369.35,4369.4
1638945002101,4373.3,4373.35
1638945061471,4375.85,4375.9
1638945121814,4372.6,4372.65
1638945182103,4369.45,4369.5
1638945241799,4367.9,4367.95
1638945302143,4367.25,4367.3
1638945361374,4365.25,4365.3
1638945421734,4365.85,4365.9
1638945482067,4364.6,4364.65
1638945541406,4363.85,4363.9
1638945601697,4364.25,4364.3
1638945662021,4367.1,4367.15
1638945721206,4367.85,4367.9
1638945781478,4366,4366.05
1638945841807,4365.15,4365.2
1638945902167,4366.5,4366.55
1638945961435,4372.35,4372.4
1638946021734,4376.6,4376.65
1638946082025,4381.85,4381.9
1638946141270,4380.7,4380.75
1638946201594,4379.1,4379.15
1638946261952,4381.85,4381.9
1638946321387,4376.25,4376.3
1638946381961,4376.65,4376.7
1638946441230,4378.8,4378.85
1638946501512,4374.45,4374.5
1638946561812,4374.05,4374.1
1638946622144,4372.4,4372.45
1638946681389,4377.35,4377.4
1638946742467,4377.75,4377.8
1638946801866,4374.1,4374.15
1638946861410,4378.55,4378.6
1638946921942,4373.25,4373.3
1638946981217,4371.6,4371.65
1638947041548,4367.85,4367.9
1638947101860,4367.6,4367.65
1638947162153,4369.3,4369.35
1638947221454,4372.05,4372.1
1638947282069,4372.85,4372.9
1638947341359,4371.6,4371.65
1638947401718,4370.6,4370.65
1638947462099,4367.8,4367.85
1638947521401,4366.7,4366.75
1638947581674,4365.3,4365.35
1638947642037,4363.1,4363.15
1638947702269,4363.1,4363.15
1638947761555,4364.35,4364.4
1638947821832,4362.6,4362.65
1638947882057,4355.1,4355.15
1638947941280,4355.6,4355.65
1638948001690,4358.35,4358.4
1638948062420,4358.35,4358.4
1638948121672,4360.6,4360.65
1638948182280,4363.6,4363.65
1638948241688,4359.55,4359.6
1638948302041,4352.6,4352.65
1638948361272,4350.7,4350.75
1638948421507,4350.6,4350.65
1638948481937,4351.2,4351.25
1638948541133,4353.55,4353.6
1638948601522,4355.15,4355.2
1638948661863,4350.1,4350.15
1638948722198,4347.85,4347.9
1638948781575,4352.35,4352.4
1638948841885,4354.95,4355
1638948901177,4349.9,4349.95
1638948961503,4352.35,4352.4
1638949021718,4350.8,4350.85
1638949082034,4349.6,4349.65
1638949141472,4348.1,4348.15
1638949201726,4351.6,4351.65
1638949262511,4359.75,4359.8
1638949321784,4358.85,4358.9
1638949382130,4358.85,4358.9
1638949441393,4362.6,4362.65
1638949501703,4359.45,4359.5
1638949562017,4365.85,4365.9
1638949621283,4362.35,4362.4
1638949681528,4360.6,4360.65
1638949741881,4358.1,4358.15
1638949801119,4356.6,4356.65
1638949861408,4356.6,4356.65
1638949921576,4354.35,4354.4
1638949981101,4357.75,4357.8
1638950041450,4360.6,4360.65
1638950101723,4370.1,4370.15
1638950162056,4371.1,4371.15
1638950221244,4367.1,4367.15
1638950281658,4371.7,4371.75
1638950342052,4368.6,4368.65
1638950400869,4372.55,4372.6
1638950462378,4375.2,4375.25
1638950521909,4375.25,4375.3
1638950581935,4369.6,4369.65
1638950641191,4371.35,4371.4
1638950701449,4376.7,4376.75
1638950761853,4381.8,4381.85
1638950822110,4378.8,4378.85
1638950881373,4376.95,4377
1638950941693,4381.8,4381.85
1638951002113,4380.8,4380.85
1638951061435,4381.8,4381.85
1638951121800,4383.6,4383.65
1638951182081,4380.8,4381
1638951241533,4380.6,4380.65
1638951301897,4383.35,4383.4
1638951361164,4381.7,4381.75
1638951421436,4375.35,4375.4
1638951481711,4370.85,4370.9
1638951542075,4369,4369.05
1638951601375,4368.35,4368.4
1638951661648,4371.25,4371.3
1638951721925,4370.85,4370.9
1638951781300,4365.3,4365.35
1638951841560,4364.15,4364.2
1638951901996,4361.05,4361.1
1638951961343,4362.2,4362.25
1638952021622,4362.85,4362.9
1638952081918,4363.1,4363.15
1638952141194,4360.15,4360.2
1638952201456,4360.45,4360.5
1638952261747,4362.85,4362.9
1638952322122,4365.55,4365.6
1638952381427,4364.2,4364.25
1638952441742,4362.1,4362.15
1638952502356,4363.55,4363.6
1638952561631,4366.35,4366.4
1638952621991,4367.6,4367.65
1638952681277,4370.45,4370.5
1638952741603,4363.6,4363.65
1638952802038,4366,4366.05
1638952861223,4367.85,4367.9
1638952921529,4357.1,4357.15
1638952981837,4360.35,4360.4
1638953042257,4359,4359.05
1638953101537,4358.15,4358.2
1638953161847,4362.05,4362.1
1638953221593,4357.55,4357.6
1638953281853,4357.9,4357.95
1638953342208,4363.45,4363.5
1638953401537,4365.85,4365.9
1638953461883,4364.35,4364.4
1638953522189,4366.3,4366.35
1638953581493,4370.2,4370.25
1638953641829,4366.6,4366.65
1638953702142,4369.6,4369.65
1638953761537,4370.35,4370.4
1638953821907,4366.6,4366.65
1638953882173,4367.6,4367.65
1638953941498,4370.15,4370.2
1638954001894,4370.8,4370.85
1638954061479,4373.3,4373.35
1638954121889,4373.85,4373.9
1638954181214,4373.7,4373.75
1638954241517,4375.9,4375.95
1638954302026,4371,4371.05
1638954361309,4375.9,4375.95
1638954421497,4372.85,4372.9
1638954481547,4375.6,4375.65
1638954542067,4378.8,4378.85
1638954601472,4383.2,4383.25
1638954661766,4383.6,4383.65
1638954722054,4382.45,4382.5
1638954781340,4380.3,4380.35
1638954841623,4382.35,4382.4
1638954901986,4381.1,4381.15
1638954961246,4384.5,4384.55
1638955021530,4382.7,4382.75
1638955082099,4384.85,4384.9
1638955141436,4385.85,4385.9
1638955201835,4388.85,4388.9
1638955262884,4387.85,4387.9
1638955322139,4389.35,4389.4
1638955381447,4386.35,4386.4
1638955441765,4381.8,4381.85
1638955502163,4385.85,4385.9
1638955561451,4384,4384.05
1638955621732,4376.6,4376.65
1638955682006,4373.35,4373.4
1638955741240,4372.2,4372.25
1638955801586,4374.15,4374.2
1638955861865,4373.35,4373.4
1638955922122,4373.25,4373.3
1638955981332,4369.1,4369.15
1638956041852,4362.4,4362.45
1638956102211,4363.1,4363.15
1638956161468,4362.6,4362.65
1638956221877,4358.6,4358.65
1638956282144,4358.35,4358.4
1638956341460,4362.25,4362.3
1638956401830,4355.35,4355.4
1638956462059,4357.1,4357.15
1638956521376,4357.7,4357.75
1638956581745,4359.3,4359.35
1638956642071,4360.05,4360.1
1638956701371,4359.6,4359.65
1638956761720,4364.4,4364.45
1638956822086,4356.9,4356.95
1638956881320,4342.1,4342.15
1638956941545,4338.6,4339
1638957002108,4339.85,4339.9
1638957061579,4336.2,4336.25
1638957122075,4341.6,4341.65
1638957181451,4336.6,4336.65
1638957241812,4336.65,4336.7
1638957302164,4340.6,4340.65
1638957361513,4341.45,4341.5
1638957421776,4338.35,4338.4
1638957482221,4331.1,4331.15
1638957541595,4332.35,4332.4
1638957602247,4325.35,4325.4
1638957662115,4328.85,4328.9
1638957721605,4331.85,4331.9
1638957781990,4335.85,4335.9
1638957841617,4339.45,4339.5
1638957902043,4338.25,4338.3
1638957961311,4332.1,4332.15
1638958021597,4333.35,4333.4
1638958081980,4331.75,4331.8
1638958141199,4334.05,4334.1
1638958201536,4340.85,4340.9
1638958261813,4340.6,4340.65
1638958322888,4335.85,4335.9
1638958382171,4340.5,4340.55
1638958441505,4342.65,4342.7
1638958501829,4343.1,4343.15
1638958562252,4338.7,4338.75
1638958621566,4338.2,4338.25
1638958682709,4337.1,4337.15
1638958741991,4340.25,4340.3
1638958801304,4343.2,4343.25
1638958861626,4345.6,4345.65
1638958921974,4343.6,4343.65
1638958981220,4342.6,4342.65
1638959041492,4341.1,4341.15
1638959101856,4344.85,4344.9
1638959162198,4342.1,4342.15
1638959221452,4340.7,4340.75
1638959281762,4342.35,4342.4
1638959342156,4339.6,4339.65
1638959401484,4336.35,4336.4
1638959462206,4338.95,4339
1638959521478,4341.8,4341.85
1638959581809,4344.85,4344.9
1638959641501,4346.6,4346.65
1638959701855,4342.1,4342.15
1638959762130,4336.95,4337
1638959821385,4330.65,4330.7
1638959881694,4310.35,4310.4
1638959942098,4304.2,4304.25
1638960001421,4293.35,4293.4
1638960061653,4295.1,4295.15
1638960122160,4301.1,4301.15
1638960181409,4287.35,4287.4
1638960241681,4295.1,4295.15
1638960301997,4289.15,4290.55
1638960361328,4299.1,4299.15
1638960421605,4293.75,4293.8
1638960481918,4287.85,4287.9
1638960541159,4284.1,4284.15
1638960601456,4283.85,4283.9
1638960661811,4295.85,4295.9
1638960722086,4299.35,4299.4
1638960781365,4298.1,4298.15
1638960841625,4291.35,4291.4
1638960901917,4286.95,4287
1638960961263,4287.1,4287.45
1638961021605,4288.85,4288.9
1638961081963,4285.8,4285.85
1638961141231,4277.9,4277.95
1638961201565,4272.75,4272.8
1638961262278,4280.85,4280.9
1638961321712,4273.85,4273.9
1638961382015,4265.6,4265.65
1638961441304,4249.35,4249.4
1638961501717,4257.1,4257.15
1638961562090,4255.15,4255.2
1638961621415,4265.6,4265.65
1638961681718,4271.2,4271.25
1638961742174,4268.25,4268.6
1638961801462,4265,4265.05
1638961861848,4278.3,4278.35
1638961922173,4281.35,4281.4
1638961981485,4279.1,4279.15
1638962041869,4277.4,4277.45
1638962102274,4275.2,4275.25
1638962161617,4275.35,4275.4
1638962221941,4276.85,4277.4
1638962281263,4282.1,4282.15
1638962341553,4292.15,4292.2
1638962401933,4284.6,4284.65
1638962461238,4281.65,4281.7
1638962521491,4281.3,4281.35
1638962581785,4280.3,4280.35
1638962642135,4279.6,4279.65
1638962701464,4277.45,4277.5
1638962761781,4278.3,4278.35
1638962822117,4267.6,4267.65
1638962881377,4267.15,4267.2
1638962941652,4266.6,4266.65
1638963002056,4266.75,4266.8
1638963061312,4270.6,4270.65
1638963121671,4274.65,4274.7
1638963182025,4278.25,4278.3
1638963241216,4273.4,4273.45
1638963301587,4273.85,4273.9
1638963361970,4278.9,4278.95
1638963421276,4272.05,4272.1
1638963481562,4267.05,4267.1
1638963541840,4263.5,4263.55
1638963602263,4262.35,4262.4
1638963661553,4246.6,4246.65
1638963721813,4236.55,4236.6
1638963781203,4247.5,4247.55
1638963841506,4239.65,4239.7
1638963901762,4246.3,4247.25
1638963961155,4256.3,4256.35
1638964021707,4258.85,4258.9
1638964082091,4258.8,4258.85
1638964141466,4262.4,4263.15
1638964201941,4261.1,4261.15
1638964261284,4261.8,4261.85
1638964321636,4266.2,4266.25
1638964382069,4264.55,4264.6
1638964441426,4263.4,4263.45
1638964501798,4265.85,4265.9
1638964562084,4270.85,4270.9
1638964621356,4276.05,4276.1
1638964681567,4272.8,4272.85
1638964741964,4269.7,4269.75
1638964801204,4271.85,4271.9
1638964861956,4278.55,4278.6
1638964921655,4282.95,4283
1638964981987,4283.5,4283.55
1638965041247,4285.85,4285.9
1638965101468,4280.95,4281
1638965161752,4268.3,4268.65
1638965221364,4263.1,4263.15
1638965281645,4260.75,4260.8
1638965342018,4264.35,4264.4
1638965401341,4263.6,4263.65
1638965461634,4259.35,4259.4
1638965521959,4252.6,4252.65
1638965581370,4247.5,4247.9
1638965641912,4245.6,4245.65
1638965701221,4250.3,4250.35
1638965761564,4250.6,4250.65
1638965821884,4254.85,4254.9
1638965882189,4255.6,4255.65
1638965941449,4258.15,4258.2
1638966001820,4251.35,4251.4
1638966062120,4254.9,4254.95
1638966121472,4251.1,4251.15
1638966181754,4239.6,4239.65
1638966242086,4240.85,4240.9
1638966301354,4233.95,4234
1638966362026,4237.95,4238
1638966421331,4246.35,4246.4
1638966481682,4250.05,4250.1
1638966542056,4244.6,4244.65
1638966601240,4248.1,4248.15
1638966661635,4258.3,4258.35
1638966721918,4262.85,4262.9
1638966781356,4267.85,4267.9
1638966841649,4270.7,4270.75
1638966901876,4270.3,4270.35
1638966961295,4264.35,4264.4
1638967021593,4261.35,4261.4
1638967082302,4261.75,4261.8
1638967141595,4257.35,4257.4
1638967201903,4258.75,4258.8
1638967261208,4262.85,4262.9
1638967321498,4259.8,4259.85
1638967381798,4271.1,4271.15
1638967442144,4270.85,4270.9
1638967501450,4266,4266.05
1638967561656,4270.65,4270.7
1638967622050,4266.85,4266.9
1638967681354,4266.85,4266.9
1638967741625,4275.6,4275.65
1638967801928,4276.6,4276.65
1638967861276,4288.75,4288.8
1638967921493,4294.4,4294.6
1638967982064,4288.6,4288.65
1638968041330,4284.85,4284.9
1638968101670,4294.25,4294.55
1638968162039,4288.2,4288.25
1638968221287,4289.65,4289.7
1638968281573,4294.35,4294.4
1638968341952,4293.85,4293.9
1638968401187,4294.85,4294.9
1638968461907,4286.6,4286.65
1638968521364,4300.15,4303.9
1638968581778,4302.25,4302.3
1638968642143,4315.6,4315.65
1638968701408,4319.35,4319.4
1638968761769,4317.85,4317.9
1638968822190,4317.2,4317.25
1638968881464,4318.25,4318.3
1638968941745,4318.8,4318.85
1638969002148,4315.1,4315.15
1638969061425,4313.85,4313.9
1638969121737,4315.05,4315.1
1638969182134,4310.1,4310.15
1638969241342,4305.1,4305.15
1638969301748,4302.35,4302.4
1638969362037,4306.15,4306.2
1638969421336,4302.6,4302.65
1638969481589,4303.1,4303.15
1638969541895,4296.35,4296.4
1638969601187,4292.3,4292.35
1638969661446,4288.85,4288.9
1638969721769,4289.85,4289.9
1638969782088,4292.35,4292.4
1638969841397,4292.1,4292.15
1638969901746,4287.1,4287.15
1638969962100,4288.35,4288.4
1638970021347,4284.05,4284.1
1638970081657,4282.7,4282.75
1638970141970,4286.5,4286.55
1638970201254,4287.85,4287.9
1638970261608,4297.6,4297.65
1638970321915,4295.85,4295.9
1638970382223,4306.25,4306.3
1638970441537,4304.8,4304.85
1638970501850,4310.85,4310.9
1638970562156,4307.35,4307.4
1638970621467,4301.1,4301.15
1638970681768,4301.35,4301.4
1638970742086,4303.6,4303.65
1638970801403,4309.35,4309.4
1638970861785,4304.1,4304.15
1638970922094,4304.35,4304.4
1638970981339,4307.6,4307.65
1638971041496,4304.85,4304.9
1638971101978,4302.6,4302.65
1638971161231,4308.2,4308.25
1638971221512,4311.85,4311.9
1638971281876,4315.35,4315.4
1638971342203,4310.1,4310.15
1638971401592,4308.35,4308.4
1638971461905,4305.85,4305.9
1638971521214,4300.1,4300.15
1638971581443,4299.65,4299.7
1638971641761,4301.3,4301.35
1638971702049,4298.6,4298.65
1638971761345,4299.6,4299.65
1638971821669,4298.9,4299.1
1638971882041,4299.55,4299.6
1638971941330,4295.35,4295.4
1638972001691,4297.75,4297.8
1638972062341,4294.35,4294.4
1638972121826,4292.85,4292.9
1638972182159,4298.7,4298.75
1638972241401,4302.6,4302.65
1638972301814,4298.1,4298.15
1638972362152,4297.85,4297.9
1638972421341,4293.75,4293.8
1638972481757,4294.6,4294.65
1638972542096,4299.5,4299.55
1638972601401,4305.05,4305.1
1638972661783,4312,4312.05
1638972722098,4314.4,4314.45
1638972781392,4319.35,4319.4
1638972841801,4333.85,4334
1638972902460,4331.7,4331.75
1638972961887,4353.85,4353.9
1638973021366,4355.6,4355.65
1638973081663,4367.4,4367.45
1638973141460,4373.6,4373.65
1638973201752,4372.35,4372.4
1638973262096,4373.35,4373.4
1638973321323,4374.6,4374.65
1638973381616,4370.1,4370.15
1638973441976,4367.85,4367.9
1638973501302,4372.15,4372.2
1638973561631,4374.5,4374.55
1638973622021,4396.95,4397.5
1638973681255,4394.1,4394.15
1638973741543,4402.6,4402.65
1638973801839,4414.5,4414.55
1638973862147,4399.85,4399.9
1638973921502,4393.05,4393.1
1638973981818,4398.6,4398.65
1638974042114,4406.7,4406.75
1638974101436,4402.1,4402.15
1638974162159,4401.25,4401.3
1638974221462,4403.3,4403.35
1638974281714,4403.35,4403.75
1638974342243,4402.2,4402.25
1638974401630,4402.9,4402.95
1638974461948,4417.8,4417.85
1638974521221,4414.35,4414.4
1638974581519,4415.65,4415.7
1638974641813,4410.35,4410.4
1638974702248,4406.95,4407.5
1638974761588,4402.7,4402.75
1638974821903,4414.85,4415.4
1638974881172,4427.3,4428.15
1638974941548,4437.8,4437.85
1638975001902,4436.65,4437.15
1638975061202,4437.3,4437.9
1638975121552,4429.35,4429.4
1638975181889,4428.65,4428.7
1638975242270,4426.85,4426.9
1638975301524,4426.75,4426.8
1638975361814,4415.25,4415.3
1638975422147,4417.35,4417.4
1638975481450,4417.1,4417.15
1638975541733,4417.7,4418
1638975602117,4416.85,4418
1638975661761,4417.1,4417.15
1638975721243,4416.6,4416.65
1638975781551,4430.05,4430.1
1638975841869,4424.1,4424.15
1638975902197,4424.6,4424.65
1638975961523,4424.2,4424.25
1638976021842,4434.25,4434.3
1638976082279,4429.6,4429.65
1638976141697,4428.1,4428.15
1638976202101,4433.85,4433.9
1638976261371,4433.45,4433.5
1638976321698,4441,4441.05
1638976381982,4441.5,4441.55
1638976441334,4442.65,4442.7
1638976501679,4439.65,4439.7
1638976562075,4435.1,4435.15
1638976621335,4432.35,4432.4
1638976681877,4431.35,4431.4
1638976742162,4428.1,4428.15
1638976801463,4434.4,4434.45
1638976861831,4441.2,4441.25
1638976922093,4441.25,4441.3
1638976981451,4456.85,4456.9
1638977041816,4456.85,4456.9
1638977101163,4453.1,4453.15
1638977161501,4452.9,4452.95
1638977221758,4447.35,4447.4
1638977282137,4442.1,4442.15
1638977341456,4441.5,4441.55
1638977401819,4432.2,4432.25
1638977461231,4438.85,4438.9
1638977521535,4439.25,4439.3
1638977581877,4434.8,4434.85
1638977642184,4437.8,4437.85
1638977701479,4433.3,4433.35
1638977762579,4428.6,4428.65
1638977821870,4428.35,4428.6
1638977882253,4422.15,4422.2
1638977941577,4424.75,4424.9
1638978002007,4417.1,4417.15
1638978061259,4418.6,4418.65
1638978121659,4412.1,4412.15
1638978182033,4410.1,4410.15
1638978241287,4403.8,4403.85
1638978301714,4404.6,4404.65
1638978362004,4412.85,4412.9
1638978421326,4406.35,4406.4
1638978481991,4401.7,4401.75
1638978541447,4401.75,4401.8
1638978601890,4400.45,4400.5
1638978661218,4405.35,4405.4
1638978721426,4401.8,4401.85
1638978781822,4404.1,4404.4
1638978842241,4404.1,4404.15
1638978901553,4411.35,4411.4
1638978961837,4411.1,4411.15
1638979022225,4408.6,4408.65
1638979081495,4407.1,4407.15
1638979141860,4408.7,4409.1
1638979202230,4409.55,4409.6
1638979261882,4415.95,4416
1638979321413,4419.6,4419.65
1638979381752,4422.35,4422.4
1638979442032,4426.6,4426.65
1638979501391,4424.1,4424.15
1638979561766,4421.5,4421.55
1638979622077,4412.1,4412.15
1638979681357,4414.6,4414.65
1638979741613,4414.1,4414.15
1638979802506,4420.6,4420.65
1638979861953,4418.85,4418.9
1638979921232,4418.1,4418.15
1638979981494,4421.4,4421.45
1638980041796,4425.6,4425.65
1638980102173,4425.35,4425.4
1638980161531,4425.85,4425.9
1638980221818,4423.25,4423.3
1638980281247,4415.25,4415.3
1638980341654,4408.85,4408.9
1638980401985,4403.3,4403.35
1638980461247,4405.6,4405.65
1638980521509,4409.6,4409.65
1638980581814,4406.6,4406.65
1638980642172,4403.6,4403.65
1638980701511,4403.6,4403.65
1638980761816,4403.3,4403.35
1638980822101,4402.5,4402.55
1638980881485,4404.1,4404.15
1638980941802,4406.85,4406.9
1638981002153,4401,4401.05
1638981061467,4401.5,4401.55
1638981122538,4396.35,4396.4
1638981181846,4393.2,4393.25
1638981242167,4396.8,4396.85
1638981301452,4396.05,4396.1
1638981361816,4391.25,4391.3
1638981422135,4385.05,4385.1
1638981481413,4382.65,4382.7
1638981541718,4388.35,4388.4
1638981602172,4385.25,4385.3
1638981661452,4382.35,4382.4
1638981721860,4376.95,4377
1638981781177,4390.35,4390.4
1638981841467,4406.6,4406.65
1638981901803,4410.1,4410.15
1638981962202,4410,4410.05
1638982021436,4402.75,4402.8
1638982081838,4398.7,4398.75
1638982142221,4404.85,4404.9
1638982201699,4406.9,4406.95
1638982262062,4404.9,4404.95
1638982321341,4407.5,4407.55
1638982381624,4409,4409.05
1638982441973,4404.7,4404.75
1638982501307,4411.85,4411.9
1638982561624,4409.9,4409.95
1638982621976,4399.85,4399.9
1638982681259,4412.2,4412.25
1638982741527,4412.9,4412.95
1638982801947,4414.85,4414.9
1638982861448,4412.35,4412.4
1638982921971,4410.1,4410.15
1638982981298,4406.15,4406.2
1638983041562,4410.1,4410.15
1638983101877,4408.9,4408.95
1638983161303,4412.55,4412.6
1638983221574,4416.6,4416.65
1638983282288,4413.4,4413.45
1638983341573,4412,4412.05
1638983402000,4407.95,4408
1638983461264,4412.85,4412.9
1638983521596,4412.35,4412.4
1638983581997,4412.85,4412.9
1638983641254,4415.35,4415.4
1638983701676,4416.35,4416.4
1638983762061,4405.35,4405.4
1638983821277,4399.1,4399.15
1638983881717,4390.6,4390.65
1638983941964,4390.6,4390.65
1638984001403,4397.1,4397.15
1638984061724,4390.65,4390.7
1638984122081,4388.3,4388.35
1638984181402,4387.6,4387.65
1638984241706,4388.1,4388.15
1638984302057,4389.1,4389.15
1638984361394,4390.1,4390.15
1638984421584,4389.3,4389.35
1638984481962,4394.85,4394.9
1638984541314,4394.25,4394.3
1638984601640,4394.4,4394.45
1638984661963,4392.35,4392.4
1638984721239,4387.6,4387.65
1638984781515,4388.35,4388.4
1638984841890,4391.35,4391.4
1638984901292,4388.75,4388.8
1638984961564,4388.1,4388.15
1638985021813,4384.6,4384.65
1638985082143,4382,4382.05
1638985141490,4384.3,4384.35
1638985201823,4387.85,4387.9
1638985262217,4388.85,4388.9
1638985321555,4387.35,4387.4
1638985381876,4387.1,4387.15
1638985441240,4385.1,4385.15
1638985501557,4391.8,4391.85
1638985561940,4382.1,4382.15
1638985621248,4386.85,4386.9
1638985681526,4381.1,4381.15
1638985741879,4379.35,4379.4
1638985802225,4381.85,4381.9
1638985861468,4379.2,4379.25
1638985921868,4381.35,4381.4
1638985982016,4385.85,4385.9
1638986041525,4382.1,4382.15
1638986101932,4376.85,4376.9
1638986161247,4377.1,4377.15
1638986221579,4375.15,4375.2
1638986281929,4375.1,4375.15
1638986341252,4380.35,4380.4
1638986401634,4382.4,4382.45
1638986462285,4386.05,4386.1
1638986521920,4385.15,4385.2
1638986582240,4381.6,4381.65
1638986641563,4385.2,4385.25
1638986701958,4376.95,4377
1638986761294,4371.85,4371.9
1638986821662,4371.35,4371.4
1638986881969,4384.85,4384.9
1638986942060,4388.2,4388.25
1638987001461,4381.5,4381.55
1638987061664,4384.35,4384.4
1638987121285,4383.6,4383.65
1638987181586,4383.65,4383.7
1638987241933,4386.2,4386.25
1638987301304,4393.6,4393.65
1638987361610,4397.9,4397.95
1638987422082,4400.1,4400.5
1638987481519,4396.65,4396.7
1638987541929,4400.75,4400.8
1638987601195,4401.85,4401.9
1638987661509,4403.6,4403.65
1638987721934,4401.6,4401.65
1638987781238,4401.85,4401.9
1638987841554,4401.65,4401.7
1638987901942,4404.45,4404.5
1638987961189,4397.65,4397.7
1638988021607,4402.45,4402.5
1638988081982,4398.35,4398.4
1638988141251,4398.4,4398.45
1638988201622,4401.8,4401.85
1638988261853,4406.85,4406.9
1638988321254,4403.65,4403.7
1638988381528,4403.65,4403.7
1638988441869,4402.7,4402.75
1638988502279,4397.35,4397.4
1638988561632,4393.6,4393.65
1638988621973,4392.85,4392.9
1638988681198,4395.6,4395.65
1638988741600,4394.65,4394.7
1638988802103,4401.85,4401.9
1638988861390,4397.85,4397.9
1638988921725,4400.85,4400.9
1638988982089,4405.35,4405.4
1638989041337,4413.35,4413.4
1638989101693,4411.1,4411.15
1638989162089,4406,4406.05
1638989221444,4403.1,4403.15
1638989282646,4404.5,4404.55
1638989341988,4404.85,4404.9
1638989401272,4407.6,4407.65
1638989461627,4413.95,4414
1638989522073,4413.25,4413.3
1638989581360,4409.5,4409.55
1638989641644,4408.2,4408.25
1638989702157,4410.1,4410.15
1638989761472,4410.35,4410.4
1638989821802,4407.5,4407.55
1638989882238,4406.6,4406.65
1638989941541,4406.25,4406.3
1638990002325,4405.7,4405.75
1638990062051,4398.6,4398.65
1638990121564,4401.75,4401.8
1638990181970,4401.55,4401.6
1638990241040,4398.6,4398.65
1638990301502,4400.1,4400.15
1638990361793,4402.55,4402.6
1638990422181,4399.5,4399.55
1638990481557,4400.1,4400.15
1638990541885,4399.1,4399.15
1638990601177,4402.55,4402.6
1638990661429,4392.1,4392.15
1638990722238,4393.2,4393.25
1638990781605,4396.85,4396.9
1638990842748,4393.6,4393.65
1638990902096,4392.7,4392.75
1638990961441,4394.1,4394.15
1638991021785,4393.6,4393.65
1638991082165,4395.85,4395.9
1638991141434,4393.65,4393.7
1638991201755,4395.1,4395.15
1638991262131,4399.25,4399.3
1638991321545,4398.6,4398.65
1638991381735,4395.3,4395.35
1638991443692,4393.2,4393.25
1638991502077,4394.35,4394.4
1638991561273,4395.85,4395.9
1638991621608,4395.1,4395.15
1638991682099,4393.55,4393.6
1638991741423,4400.9,4400.95
1638991801855,4406.45,4406.5
1638991861151,4406.9,4406.95
1638991921468,4411.8,4411.85
1638991981770,4413.65,4413.7
1638992042166,4420.1,4420.15
1638992101361,4422.3,4422.35
1638992161799,4426.15,4426.2
1638992223266,4424.8,4424.85
1638992281553,4421.65,4421.7
1638992341932,4417.75,4417.8
1638992401166,4420.15,4420.2
1638992461461,4415.6,4415.65
1638992521822,4412.95,4413
1638992582141,4409.95,4410
1638992641451,4407.35,4407.4
1638992701848,4404.9,4404.95
1638992762167,4403.5,4403.55
1638992821432,4401,4401.05
1638992881739,4397.3,4397.35
1638992942017,4390.85,4390.9
1638993001269,4388.35,4388.4
1638993061913,4392.1,4392.15
1638993121252,4392.35,4392.4
1638993181577,4392.2,4392.25
1638993242550,4389.3,4389.35
1638993301946,4384.6,4384.65
1638993361175,4381.85,4381.9
1638993421438,4381.8,4381.85
1638993481831,4384.35,4384.4
1638993542216,4385.2,4385.25
1638993603080,4387.85,4387.9
1638993661574,4382.9,4382.95
1638993722255,4385.85,4385.9
1638993781696,4383.65,4383.7
1638993842025,4390.15,4390.2
1638993901394,4393.1,4393.15
1638993961744,4397.4,4397.45
1638994022041,4398.6,4398.65
1638994081272,4395,4395.05
1638994141623,4395.5,4395.55
1638994202077,4392.05,4392.1
1638994261367,4390.6,4390.65
1638994321737,4394.2,4394.25
1638994382092,4395.65,4395.7
1638994441370,4396.35,4396.4
1638994501700,4394.6,4394.65
1638994562016,4404.7,4404.75
1638994621344,4404.55,4404.6
1638994681687,4403.6,4403.65
1638994742014,4404.1,4404.15
1638994801294,4394.85,4394.9
1638994861514,4401.2,4401.25
1638994921892,4404.3,4404.35
1638994982170,4404.1,4404.15
1638995041459,4404.15,4404.2
1638995101802,4402.85,4402.9
1638995162172,4407.1,4407.15
1638995221441,4403.65,4403.7
1638995281751,4405.55,4405.6
1638995342511,4406.55,4406.6
1638995401831,4408.6,4408.65
1638995462223,4409.95,4410
1638995521303,4413.05,4413.1
1638995581961,4411.1,4411.15
1638995641235,4410.2,4410.25
1638995701555,4414.85,4414.9
1638995761860,4413.85,4413.9
1638995821235,4412.65,4412.7
1638995881494,4416.1,4416.15
1638995941938,4418.6,4418.65
1638996001335,4413.1,4413.15
1638996061580,4416.35,4416.4
1638996121777,4418.05,4418.1
1638996182122,4418.25,4418.3
1638996241578,4414.65,4414.7
1638996301889,4418.85,4418.9
1638996361201,4420.75,4420.8
1638996421477,4415.1,4415.15
1638996481771,4414.45,4414.5
1638996542160,4416.85,4416.9
1638996601497,4417.85,4417.9
1638996662077,4421.7,4421.75
1638996721365,4425.05,4425.1
1638996781854,4426.5,4426.55
1638996842205,4426.2,4426.25
1638996901541,4426.7,4426.75
1638996961848,4423.05,4423.1
1638997022583,4423.25,4423.3
1638997081942,4424.85,4424.9
1638997141231,4423.8,4423.85
1638997201591,4416.25,4416.3
1638997262261,4412.8,4412.85
1638997321724,4413.05,4413.1
1638997382137,4416.35,4416.4
1638997441413,4420.45,4420.5
1638997501721,4418.6,4418.65
1638997562089,4424.4,4424.45
1638997621309,4424,4424.05
1638997681525,4421.1,4421.15
1638997741943,4418.1,4418.15
1638997801237,4426.2,4426.25
1638997861552,4427.85,4427.9
1638997921830,4426.5,4426.55
1638997982198,4428.45,4428.8
1638998041581,4428.85,4428.9
1638998103446,4422.6,4422.65
1638998161663,4420.75,4420.8
1638998222051,4424.3,4424.35
1638998281378,4425.55,4425.6
1638998341743,4425.15,4425.2
1638998402179,4424.85,4424.9
1638998461457,4422.25,4422.3
1638998521741,4422.9,4422.95
1638998582027,4419.2,4419.25
1638998641335,4418.85,4418.9
1638998701765,4418.6,4418.65
1638998762144,4410.7,4410.75
1638998821432,4405.35,4405.4
1638998881717,4403.1,4403.15
1638998942141,4397.8,4397.85
1638999001504,4399.55,4399.6
1638999061905,4402.85,4402.9
1638999121216,4392.7,4392.75
1638999181516,4393.55,4393.6
1638999241831,4395.4,4395.45
1638999302168,4395.35,4395.4
1638999361527,4402.4,4402.45
1638999421875,4402.7,4402.75
1638999482144,4405.3,4405.35
1638999541439,4405.35,4405.4
1638999601842,4406.1,4406.15
1638999662170,4412.8,4412.85
1638999721420,4413.9,4413.95
1638999781694,4416.6,4416.65
1638999841922,4417.6,4417.65
1638999901317,4416.75,4416.8
1638999961785,4411.65,4411.7
1639000022095,4413.1,4413.15
1639000081452,4417.1,4417.15
1639000141720,4423.25,4423.3
1639000202154,4420.2,4420.25
1639000261409,4422.5,4422.55
1639000321797,4423.35,4423.4
1639000382428,4423.25,4423.3
1639000441707,4425.1,4425.15
1639000502108,4426.8,4426.85
1639000561367,4426.25,4426.3
1639000621636,4426.25,4426.3
1639000681947,4424.1,4424.15
1639000741226,4420.8,4420.85
1639000801774,4421.35,4421.4
1639000862039,4412.8,4412.85
1639000921496,4415.2,4415.25
1639000981763,4420.3,4420.35
1639001042095,4423.3,4423.35
1639001101436,4423.6,4423.65
1639001161720,4424.25,4424.3
1639001222033,4422.05,4422.1
1639001281323,4418.1,4418.15
1639001341593,4420.35,4420.4
1639001402093,4416.6,4416.65
1639001461365,4413.2,4413.25
1639001521691,4414.65,4414.9
1639001582022,4414,4414.4
1639001641314,4412.1,4412.15
1639001701657,4410.1,4410.15
1639001762005,4405.6,4406.15
1639001821263,4404.3,4404.35
1639001881540,4409.15,4409.2
1639001941805,4408.1,4408.15
1639002002385,4407.2,4407.4
1639002061831,4403.7,4403.75
1639002122146,4403.65,4403.95
1639002181416,4407.6,4408.4
1639002241745,4416.7,4416.75
1639002302122,4420.75,4420.85
1639002361466,4418.35,4419.05
1639002421794,4418.6,4418.65
1639002482180,4417.65,4417.85
1639002541145,4420.05,4420.1
1639002601868,4420.05,4420.1
1639002662200,4420.45,4420.5
1639002721435,4423.65,4424
1639002781817,4423.65,4423.7
1639002842129,4423.8,4423.85
1639002901447,4425.55,4425.6
1639002961838,4426.95,4427
1639003022150,4428.9,4429
1639003081418,4429.05,4429.15
1639003141728,4431.15,4431.2
1639003202152,4434.35,4434.4
1639003261465,4434.7,4434.95
1639003321764,4442.1,4442.15
1639003382103,4440,4440.05
1639003441480,4441.35,4441.4
1639003501850,4444,4444.05
1639003562200,4447.65,4447.7
1639003621474,4446.5,4446.55
1639003681739,4440.25,4440.3
1639003742096,4432.1,4432.15
1639003801400,4429.1,4429.15
1639003861780,4411.35,4411.4
1639003922120,4406.6,4406.65
1639003981420,4407.6,4407.65
1639004041844,4398.3,4398.35
1639004102231,4392.6,4392.65
1639004161550,4392.35,4392.4
1639004221887,4383.1,4383.15
1639004282246,4383.85,4383.9
1639004341586,4385.75,4385.9
1639004402077,4394.4,4395.1
1639004461953,4402.7,4402.75
1639004521575,4406.85,4407.5
1639004581890,4405.1,4405.45
1639004641201,4393.15,4393.35
1639004701513,4388.6,4388.65
1639004761884,4398.1,4398.15
1639004821208,4399.85,4399.9
1639004881519,4404.15,4404.2
1639004941931,4408.4,4408.45
1639005001281,4409.4,4409.45
1639005061597,4407.5,4407.55
1639005121891,4406.45,4406.5
1639005181352,4403.1,4403.15
1639005241571,4406.1,4406.15
1639005302034,4407.45,4407.8
1639005361419,4415.3,4415.35
1639005421835,4416.2,4416.25
1639005482216,4415.1,4415.15
1639005541553,4415.25,4415.3
1639005601947,4420.6,4420.65
1639005661233,4422.35,4422.4
1639005721642,4425.5,4425.6
1639005781996,4420.6,4420.65
1639005841299,4422.15,4422.2
1639005901586,4421.1,4421.15
1639005961937,4423.6,4423.65
1639006021140,4416.65,4416.7
1639006081600,4412.35,4412.4
1639006141975,4415.35,4415.4
1639006201303,4418.85,4418.9
1639006261622,4420.85,4420.9
1639006321973,4419.6,4419.65
1639006381279,4416.55,4416.6
1639006441597,4422.45,4422.5
1639006501911,4424.95,4425.3
1639006561188,4425.85,4425.9
1639006621489,4427.35,4427.4
1639006681710,4423.4,4423.45
1639006742108,4424.2,4424.25
1639006801446,4419.15,4419.2
1639006861738,4424.85,4424.9
1639006922134,4427.85,4427.9
1639006981400,4431.85,4431.9
1639007041715,4439.1,4439.15
1639007101960,4439,4439.05
1639007161280,4434.85,4434.9
1639007221579,4431.45,4431.5
1639007281863,4430.85,4430.9
1639007342186,4424.1,4424.15
1639007401439,4426.85,4426.9
1639007461930,4429.85,4429.9
1639007521194,4435.35,4435.4
1639007581462,4439.65,4439.9
1639007641752,4442.1,4442.15
1639007702147,4437.6,4437.65
1639007761451,4443.85,4443.9
1639007821755,4443.1,4443.15
1639007882064,4443.3,4443.35
1639007941317,4444.2,4444.25
1639008002768,4443.35,4443.4
1639008062535,4446.2,4446.25
1639008122085,4451.05,4451.1
1639008181361,4450.85,4450.9
1639008241616,4476.15,4476.2
1639008302125,4470.9,4470.95
1639008361423,4486.35,4486.4
1639008421728,4486.85,4486.9
1639008482050,4482.6,4482.65
1639008541355,4477.8,4478.25
1639008601656,4478.35,4478.4
1639008661985,4476.05,4476.1
1639008721791,4484.45,4484.8
1639008781258,4471.6,4471.65
1639008841666,4471.85,4471.9
1639008902075,4477.25,4477.3
1639008961409,4474.9,4475
1639009021765,4474.6,4474.65
1639009082125,4475.6,4475.65
1639009141433,4471.1,4471.15
1639009201783,4467.6,4467.75
1639009262090,4470.6,4470.65
1639009321448,4467.1,4467.15
1639009381784,4463.1,4463.15
1639009442076,4459.45,4459.6
1639009501369,4451.6,4451.65
1639009561630,4444.85,4444.9
1639009621994,4440.35,4440.4
1639009681353,4451.85,4451.9
1639009741689,4458.2,4458.25
1639009802018,4455.05,4455.1
1639009861376,4450.1,4450.15
1639009921658,4463.35,4463.4
1639009982053,4460.8,4460.85
1639010041413,4458.6,4458.65
1639010101740,4461.35,4461.4
1639010162087,4463.1,4463.15
1639010221364,4456.85,4457.35
1639010281690,4451.6,4451.65
1639010341969,4448.75,4448.8
1639010401424,4450.35,4450.4
1639010461722,4451.45,4451.5
1639010522183,4457.3,4457.35
1639010581458,4455.25,4455.3
1639010641785,4458.65,4458.7
1639010702110,4458.85,4458.9
1639010761329,4456.35,4456.4
1639010821718,4466.15,4466.2
1639010881974,4471.65,4471.7
1639010941328,4467.6,4467.65
1639011001659,4460.1,4460.15
1639011062004,4464.4,4464.45
1639011121322,4457.6,4457.65
1639011181643,4455.15,4455.2
1639011241941,4456.35,4456.4
1639011301343,4458.75,4458.8
1639011361678,4457.1,4457.15
1639011422047,4453.25,4453.3
1639011481306,4447.25,4447.3
1639011541653,4446.45,4446.5
1639011602069,4440.2,4440.25
1639011661746,4436.1,4436.15
1639011721255,4437.85,4437.9
1639011781951,4441.1,4441.15
1639011841212,4440.85,4440.9
1639011901584,4443.1,4443.15
1639011961894,4442.45,4442.5
1639012022219,4435.85,4435.9
1639012081540,4425.95,4426
1639012141827,4424.25,4424.3
1639012202229,4421.1,4421.15
1639012261537,4415.65,4415.7
1639012321927,4424.2,4424.25
1639012381140,4426.2,4426.25
1639012441350,4421.4,4421.45
1639012501681,4418.95,4419
1639012561236,4422.15,4422.2
1639012621619,4427.85,4427.9
1639012681909,4425.85,4425.9
1639012742193,4426.85,4426.9
1639012801508,4422,4422.05
1639012861796,4430.85,4430.9
1639012922064,4434.8,4434.85
1639012981492,4435.35,4435.4
1639013041916,4431.1,4431.15
1639013101980,4431.35,4431.4
1639013161343,4427.35,4427.4
1639013221679,4431.85,4431.9
1639013282011,4430.25,4430.3
1639013341266,4430.85,4430.9
1639013401588,4432.85,4432.9
1639013461866,4430.85,4430.9
1639013521162,4426.75,4426.8
1639013581912,4428.1,4428.15
1639013641226,4425.85,4425.9
1639013701538,4429.35,4429.4
1639013761863,4427.55,4427.6
1639013822175,4432.35,4432.4
1639013881440,4435.85,4435.9
1639013941708,4437.95,4438
1639014002061,4433.35,4433.4
1639014061348,4436.65,4436.7
1639014121644,4435.7,4435.75
1639014181993,4433.75,4433.8
1639014241254,4436.2,4436.25
1639014301522,4436.2,4436.25
1639014361794,4438.55,4438.6
1639014422170,4435.3,4435.35
1639014481428,4432.1,4432.15
1639014541785,4429.35,4429.4
1639014602228,4430.2,4430.25
1639014661568,4433.7,4433.75
1639014721925,4436.35,4436.4
1639014781181,4435.85,4435.9
1639014841557,4437.3,4437.35
1639014901872,4426.6,4426.65
1639014961189,4413.45,4413.5
1639015021658,4416.4,4416.45
1639015081924,4410.85,4410.9
1639015141293,4413.85,4413.9
1639015201663,4414.3,4414.35
1639015262302,4419.35,4419.4
1639015321894,4420.7,4420.75
1639015381214,4421.1,4421.15
1639015441483,4423.8,4423.85
1639015501862,4421.1,4421.15
1639015562219,4420.1,4420.15
1639015621492,4415.1,4415.15
1639015681803,4411.6,4411.65
1639015742280,4403.5,4403.55
1639015801666,4402.65,4402.7
1639015862012,4404.75,4404.8
1639015921274,4404.9,4404.95
1639015981609,4410.85,4410.9
1639016041939,4409.1,4409.15
1639016101236,4411.35,4411.4
1639016161560,4412.3,4412.35
1639016221805,4414.35,4414.4
1639016282220,4409.5,4409.55
1639016341520,4408.35,4408.4
1639016401995,4403.6,4403.65
1639016457340,4392.2,4392.25
1639016521301,4381.85,4381.9
1639016582223,4381.4,4381.45
1639016641624,4390.6,4390.65
1639016701912,4390.6,4390.65
1639016761284,4386.15,4386.2
1639016821520,4386.35,4386.4
1639016881866,4392.1,4392.15
1639016942951,4393.35,4393.4
1639017001202,4393.1,4393.15
1639017061499,4394.6,4394.65
1639017121802,4397.6,4397.65
1639017182137,4400.35,4400.4
1639017241392,4397.95,4398
1639017301717,4394.7,4394.9
1639017362095,4401.35,4401.4
1639017421360,4400.55,4400.6
1639017481680,4402.85,4402.9
1639017542039,4403.85,4403.9
1639017601296,4404.35,4404.4
1639017661685,4402.1,4402.15
1639017722064,4401.85,4401.9
1639017781327,4402.1,4402.15
1639017841610,4402.55,4402.6
1639017902011,4397.85,4397.9
1639017961300,4402.6,4402.65
1639018021603,4404.85,4404.9
1639018081982,4409,4409.05
1639018141258,4407.25,4407.3
1639018201554,4407.1,4407.15
1639018261879,4405.9,4405.95
1639018322199,4397.6,4397.65
1639018381434,4393.95,4394
1639018441720,4400.35,4400.4
1639018502037,4398.6,4398.65
1639018561326,4394.6,4394.65
1639018621652,4397.35,4397.4
1639018681947,4398.35,4398.4
1639018741233,4402.35,4402.4
1639018801578,4398.65,4398.7
1639018862229,4392.55,4392.6
1639018921684,4396.05,4396.1
1639018982016,4397.1,4397.15
1639019041329,4399.85,4399.9
1639019101697,4400.6,4400.65
1639019161962,4401.7,4401.75
1639019221715,4399.35,4399.4
1639019282002,4398.6,4398.65
1639019341303,4401.15,4401.2
1639019401660,4403.3,4403.35
1639019461989,4396.05,4396.1
1639019521277,4385.35,4385.4
1639019581564,4387.85,4387.9
1639019641907,4383.95,4384
1639019701201,4390.35,4390.4
1639019761484,4395.15,4395.2
1639019821832,4388.6,4388.65
1639019882170,4387.35,4387.4
1639019941442,4393.35,4393.4
1639020001693,4387.6,4387.65
1639020061973,4391.2,4391.25
1639020121183,4383.75,4383.8
1639020181553,4390.85,4390.9
1639020241905,4389.4,4390.15
1639020302219,4388.55,4388.6
1639020361518,4392.7,4392.75
1639020421914,4393.4,4393.45
1639020481157,4393.85,4393.9
1639020541461,4391.1,4391.15
1639020601809,4393.85,4393.9
1639020662530,4397.35,4397.4
1639020721765,4398.05,4398.1
1639020783221,4396.85,4396.9
1639020841532,4393.1,4393.15
1639020901879,4391.35,4391.4
1639020962232,4391.7,4391.75
1639021021513,4392.65,4392.7
1639021081816,4387.6,4387.65
1639021143091,4385.1,4385.15
1639021201435,4385.85,4385.9
1639021261779,4383.6,4384.4
1639021322151,4384.6,4384.65
1639021381528,4384.35,4384.4
1639021441795,4385.35,4385.4
1639021502189,4386,4386.05
1639021561462,4378.1,4378.15
1639021622550,4370.6,4370.65
1639021681690,4365.1,4365.15
1639021741325,4369.1,4369.15
1639021801657,4364.85,4364.9
1639021862014,4369.45,4369.5
1639021921199,4369.1,4369.15
1639021981649,4373.85,4373.9
1639022042052,4376.85,4376.9
1639022101287,4373.6,4373.65
1639022161674,4370.15,4370.2
1639022221872,4371.6,4371.65
1639022281308,4373.35,4373.4
1639022341597,4370.35,4370.4
1639022401807,4360,4360.05
1639022462007,4371.6,4371.65
1639022521703,4375.2,4375.25
1639022582049,4375.1,4375.15
1639022641343,4379.35,4379.4
1639022701727,4380.95,4381
1639022762080,4380.15,4380.2
1639022821417,4378.6,4378.65
1639022881598,4377.6,4377.65
1639022942037,4376.6,4376.65
1639023001443,4379.05,4379.1
1639023061789,4383.85,4383.9
1639023122148,4378.95,4379
1639023181396,4377.6,4377.65
1639023241727,4373.35,4373.4
1639023302100,4374.75,4374.8
1639023361374,4373.75,4373.8
1639023421681,4376.85,4376.9
1639023482027,4374.95,4375
1639023541286,4371.5,4371.55
1639023601517,4370.4,4370.45
1639023661571,4372.15,4372.2
1639023721946,4373.85,4373.9
1639023781246,4374.65,4374.7
1639023841522,4376.3,4376.35
1639023901837,4377.4,4377.45
1639023961193,4373.45,4373.5
1639024021470,4374.55,4374.6
1639024081769,4378.35,4378.4
1639024142151,4381.85,4381.9
1639024201488,4380.1,4380.15
1639024261773,4379.35,4379.4
1639024322116,4379.6,4379.65
1639024381527,4379.95,4380
1639024441783,4379.65,4379.7
1639024503071,4376.6,4376.65
1639024561366,4376.25,4376.3
1639024621713,4379.85,4379.9
1639024682016,4377.6,4377.65
1639024741358,4381.85,4381.9
1639024801651,4382.45,4382.5
1639024862019,4380.65,4380.7
1639024921298,4382.35,4382.4
1639024981654,4379.15,4379.2
1639025042018,4380,4380.05
1639025101100,4381.8,4381.85
1639025161608,4386.85,4386.9
1639025221966,4383.45,4383.5
1639025281236,4386.2,4386.25
1639025341397,4387.35,4387.4
1639025401767,4385.85,4385.9
1639025462164,4388.6,4388.65
1639025521449,4386.35,4386.4
1639025582070,4385.45,4385.5
1639025641337,4386.6,4386.65
1639025701665,4387.6,4387.7
1639025762103,4389.1,4389.15
1639025821401,4388.65,4388.7
1639025881800,4390.35,4390.4
1639025942800,4391.1,4391.15
1639026002256,4394.4,4394.45
1639026061969,4395.35,4395.4
1639026121461,4389.35,4389.4
1639026181796,4386.6,4386.65
1639026242172,4383.6,4383.65
1639026301448,4384.2,4384.25
1639026361781,4385.6,4385.65
1639026422211,4388.6,4388.65
1639026481551,4388.25,4388.3
1639026542679,4389.45,4389.5
1639026602008,4388.1,4388.15
1639026661322,4388.55,4388.6
1639026721627,4390.85,4390.9
1639026781876,4389.7,4389.75
1639026841247,4384.85,4384.9
1639026901642,4384.1,4384.15
1639026961861,4385.05,4385.1
1639027021277,4381.6,4381.65
1639027081586,4379.4,4379.45
1639027141844,4379.3,4379.35
1639027201259,4374.6,4374.65
1639027262347,4374.7,4374.75
1639027321607,4377.35,4377.4
1639027382040,4379.35,4379.4
1639027441308,4381.35,4381.4
1639027501668,4382.7,4382.75
1639027561983,4386.6,4386.65
1639027621337,4384.35,4384.4
1639027681621,4383.6,4383.65
1639027742044,4381.8,4381.85
1639027801393,4385.35,4385.4
1639027863940,4381.8,4381.85
1639027921164,4385.25,4385.3
1639027981577,4384.15,4384.2
1639028041897,4383.35,4383.4
1639028101228,4382.8,4382.85
1639028161563,4382.75,4382.8
1639028221809,4383.35,4383.4
1639028282192,4388.6,4388.65
1639028341579,4390.1,4390.15
1639028402015,4391.65,4391.7
1639028461276,4388.45,4388.5
1639028521667,4386.6,4386.65
1639028581963,4386.6,4386.65
1639028641270,4387.3,4387.35
1639028701553,4385.25,4385.3
1639028761919,4385.25,4385.3
1639028821126,4386.95,4387
1639028881416,4390.4,4390.45
1639028941746,4389.35,4389.4
1639029002099,4389.2,4389.25
1639029061449,4387.6,4387.65
1639029121775,4385.6,4385.65
1639029182195,4384.6,4384.65
1639029241459,4382.35,4382.4
1639029302215,4385.2,4385.25
1639029361435,4386.95,4387
1639029421769,4382.25,4382.3
1639029482143,4376.6,4376.65
1639029541569,4379.1,4379.15
1639029601986,4376.1,4376.15
1639029661518,4370.6,4370.65
1639029722172,4369.05,4369.1
1639029781456,4371.35,4371.4
1639029841699,4369.1,4369.15
1639029902409,4368.85,4368.9
1639029961715,4378.75,4378.8
1639030021977,4378.3,4378.35
1639030081228,4377.7,4377.75
1639030141598,4374.6,4374.65
1639030202025,4376.35,4376.4
1639030261321,4382.25,4382.3
1639030321635,4385.85,4385.9
1639030382035,4386.2,4386.25
1639030441303,4393.35,4393.4
1639030501641,4389.65,4389.7
1639030561923,4388.75,4388.8
1639030621280,4392.35,4392.4
1639030681607,4389.55,4389.6
1639030741939,4388.15,4388.2
1639030801191,4390.6,4390.65
1639030861452,4388.6,4388.65
1639030921822,4389.35,4389.4
1639030982099,4389.6,4389.65
1639031041351,4388.85,4388.9
1639031101924,4383.1,4383.15
1639031161444,4384,4384.05
1639031221726,4380.1,4380.15
1639031282210,4378.1,4378.15
1639031341523,4379.45,4379.5
1639031401898,4379.9,4379.95
1639031462138,4381.2,4381.25
1639031521550,4377.1,4377.15
1639031583049,4375.75,4375.8
1639031641372,4374.4,4374.45
1639031701715,4371.15,4371.2
1639031762059,4367.05,4367.1
1639031821338,4367.8,4367.85
1639031881662,4367.35,4367.4
1639031943160,4368.6,4368.65
1639032001553,4368.35,4368.4
1639032061872,4372.55,4372.6
1639032121198,4373.6,4373.65
1639032181466,4372.1,4372.15
1639032241783,4374.85,4374.9
1639032302182,4379.85,4379.9
1639032361526,4377.1,4377.15
1639032421908,4379.6,4379.65
1639032481134,4381.85,4381.9
1639032541571,4390.35,4390.4
1639032601986,4390.1,4390.15
1639032661468,4386.35,4386.4
1639032721813,4383.55,4383.6
1639032782150,4381.2,4381.25
1639032841409,4379.4,4379.45
1639032901745,4376.1,4376.15
1639032962123,4382.35,4382.4
1639033021468,4380.7,4380.75
1639033081806,4382.8,4382.85
1639033142183,4381.2,4381.25
1639033201555,4381.85,4381.9
1639033261966,4381.4,4381.45
1639033321713,4375,4375.05
1639033382082,4373.65,4373.7
1639033441439,4371.9,4371.95
1639033501817,4372.45,4372.5
1639033562166,4372.8,4372.85
1639033621419,4361.25,4361.3
1639033681716,4354.65,4354.7
1639033742022,4359.35,4359.4
1639033801917,4352.15,4352.2
1639033861721,4348.4,4348.45
1639033922051,4350.7,4350.75
1639033981449,4346.1,4346.15
1639034041735,4350.7,4350.75
1639034102137,4354.7,4354.75
1639034161251,4360.6,4360.65
1639034221732,4363.1,4363.15
1639034281994,4364.25,4364.3
1639034341322,4363.9,4364.3
1639034401719,4364.25,4364.3
1639034461979,4361.1,4361.15
1639034521308,4362.25,4362.3
1639034581571,4364.85,4364.9
1639034641920,4368.2,4368.25
1639034701212,4370.2,4370.25
1639034761406,4370.65,4370.7
1639034821829,4365.95,4366
1639034882165,4366.4,4366.45
1639034941528,4364.6,4364.65
1639035002206,4365.05,4365.1
1639035061014,4381.95,4382
1639035120345,4401.55,4401.6
1639035181380,4397.6,4397.65
1639035241197,4399.15,4399.2
1639035301928,4390,4390.1
1639035361233,4381.85,4381.9
1639035421505,4378.85,4378.9
1639035481819,4386.85,4386.9
1639035542119,4387.35,4387.4
1639035601425,4388.65,4388.75
1639035661943,4391.35,4391.4
1639035721302,4390.6,4390.65
1639035781602,4382.35,4382.4
1639035841791,4381.15,4381.2
1639035902282,4386.6,4386.65
1639035961600,4382.2,4382.25
1639036022063,4380.1,4380.15
1639036081379,4381.65,4381.7
1639036141743,4386.35,4386.4
1639036202134,4388.9,4388.95
1639036261315,4386.15,4386.2
1639036321906,4391.2,4391.25
1639036381170,4391.85,4391.9
1639036441467,4394.25,4394.3
1639036501807,4390.6,4390.65
1639036562079,4388.7,4388.75
1639036621559,4382.4,4382.45
1639036681943,4383.1,4383.15
1639036741209,4384.4,4384.45
1639036801310,4383.8,4383.85
1639036862275,4380.4,4380.45
1639036921823,4377.05,4377.1
1639036981072,4376.85,4376.9
1639037041632,4371.1,4371.15
1639037101953,4371.65,4371.7
1639037161317,4371.35,4371.4
1639037221740,4371.6,4371.65
1639037282051,4370.1,4370.15
1639037341314,4372.85,4372.9
1639037401654,4367.1,4367.15
1639037461934,4355.85,4355.9
1639037521246,4363.85,4363.9
1639037581530,4355.55,4355.6
1639037641850,4360.65,4360.7
1639037702214,4361.6,4361.65
1639037761500,4368.35,4368.4
1639037821817,4364.5,4364.55
1639037881154,4355.2,4355.25
1639037941414,4352.1,4352.15
1639038001697,4347.6,4347.65
1639038061977,4343,4343.2
1639038121301,4345.05,4345.1
1639038181564,4341.65,4341.7
1639038241873,4349.5,4349.55
1639038302209,4349.1,4349.15
1639038361523,4347.65,4347.7
1639038421809,4347,4347.05
1639038482121,4350.65,4350.7
1639038541390,4352.8,4352.85
1639038601725,4353.1,4353.15
1639038661990,4358.45,4358.5
1639038721263,4358.8,4358.85
1639038781529,4360.6,4360.65
1639038841749,4358.65,4358.85
1639038902026,4353.6,4353.65
1639038961335,4343.9,4343.95
1639039021883,4334.85,4334.9
1639039081478,4326.05,4326.1
1639039141720,4332.95,4333.35
1639039201180,4342.1,4342.15
1639039261596,4337.6,4337.65
1639039321963,4343.3,4343.35
1639039381259,4345.85,4345.9
1639039441519,4343.65,4343.7
1639039501877,4344.15,4344.2
1639039562648,4348.85,4348.9
1639039621978,4345.6,4345.65
1639039681213,4342.9,4342.95
1639039741714,4344.6,4344.65
1639039802111,4334.6,4334.65
1639039861384,4341.8,4341.85
1639039921647,4343.85,4343.9
1639039982342,4344.35,4344.4
1639040041592,4346.65,4346.7
1639040101923,4341.85,4341.9
1639040161216,4348.35,4348.4
1639040221467,4352.75,4352.8
1639040281817,4347.85,4347.9
1639040342210,4351.6,4351.65
1639040401681,4346.4,4346.45
1639040462333,4337.5,4337.55
1639040521855,4338.3,4338.35
1639040582175,4333.15,4333.2
1639040641580,4336.35,4336.4
1639040701894,4335.6,4335.65
1639040762209,4326.85,4326.9
1639040821493,4328.85,4329.25
1639040881736,4328.35,4328.4
1639040942217,4332.25,4332.3
1639041001526,4335.85,4335.9
1639041061879,4336.6,4336.65
1639041121100,4330.85,4330.9
1639041181499,4328.3,4328.35
1639041241822,4321.55,4321.6
1639041302191,4322.35,4322.4
1639041361396,4323.15,4323.2
1639041421849,4316.6,4316.65
1639041482149,4310.25,4310.3
1639041541589,4324.1,4324.15
1639041603089,4326.1,4326.15
1639041661264,4323.1,4323.15
1639041721796,4332.1,4332.15
1639041782147,4335.1,4335.15
1639041841744,4335.1,4335.15
1639041902323,4330.6,4330.65
1639041961602,4327.85,4327.9
1639042022320,4325.85,4325.9
1639042081603,4327.6,4327.65
1639042141892,4329.3,4329.35
1639042201189,4320.85,4320.9
1639042261520,4313.35,4313.4
1639042321878,4309.85,4309.9
1639042381050,4301.1,4301.15
1639042441752,4304.1,4304.15
1639042501173,4294.55,4294.6
1639042561554,4303.6,4303.65
1639042621734,4297.85,4297.9
1639042681459,4293.35,4293.4
1639042741655,4285.6,4285.65
1639042801275,4292.95,4293
1639042861628,4297.65,4297.7
1639042921821,4299.85,4299.9
1639042981743,4305,4305.05
1639043041894,4307.95,4308
1639043101580,4313.25,4313.3
1639043161826,4309.6,4309.65
1639043221161,4306.75,4306.8
1639043281427,4302.1,4302.15
1639043342044,4303.85,4303.9
1639043401784,4306.1,4306.15
1639043462055,4312.85,4312.9
1639043521579,4315.8,4315.9
1639043582008,4318.65,4318.8
1639043641356,4320.1,4320.15
1639043701676,4315.85,4316.3
1639043761971,4318.6,4318.65
1639043821366,4309.1,4309.65
1639043881659,4311.25,4311.4
1639043941950,4314.4,4314.55
1639044001501,4315.6,4316
1639044721497,4315.15,4316.4
1639044780556,4315.15,4316.4
1639044841517,4281.6,4283.65
1639044902265,4287.15,4288.4
1639044961526,4290.75,4291.25
1639045021920,4295.8,4295.85
1639045081311,4292,4292.05
1639045141678,4291.35,4291.4
1639045202048,4299.1,4300.95
1639045261451,4297.6,4297.65
1639045321748,4300.35,4301.35
1639045382099,4295,4295.65
1639045441368,4291.1,4291.45
1639045501725,4295.6,4295.65
1639045561955,4292.55,4292.95
1639045621358,4290.1,4290.15
1639045681649,4288.2,4288.3
1639045741949,4290.1,4290.15
1639045801296,4281.35,4282.15
1639045861669,4292.85,4292.9
1639045922019,4295.65,4295.7
1639045981262,4284.85,4284.9
1639046041584,4286.65,4286.7
1639046101899,4291.8,4291.9
1639046161160,4293.9,4294.35
1639046221493,4300,4300.25
1639046281845,4298.05,4298.2
1639046342269,4302.85,4302.9
1639046401633,4307.4,4307.7
1639046461952,4307.1,4307.15
1639046521234,4308.05,4308.5
1639046581558,4310.7,4310.9
1639046641895,4310.1,4310.15
1639046702237,4308.1,4308.5
1639046761475,4308.65,4308.95
1639046821895,4306.7,4306.75
1639046882177,4316.35,4316.4
1639046941400,4315.6,4315.7
1639047001729,4318.2,4318.9
1639047062078,4319.1,4319.15
1639047121370,4321.9,4321.95
1639047181713,4320.1,4320.15
1639047241946,4318.3,4318.35
1639047301247,4315.6,4315.65
1639047361566,4315.1,4315.15
1639047421844,4313.4,4313.45
1639047482185,4314.4,4314.45
1639047541432,4319.9,4319.95
1639047601801,4315.6,4315.65
1639047662442,4313.1,4313.15
1639047721950,4316.85,4316.9
1639047781237,4319.35,4319.4
1639047841356,4317.35,4317.4
1639047901996,4316.9,4316.95
1639047961295,4313.15,4313.2
1639048021545,4309.75,4309.8
1639048081924,4313.85,4313.9
1639048141090,4313.45,4313.5
1639048201501,4314.35,4314.4
1639048261781,4316.25,4316.3
1639048322173,4317.3,4317.35
1639048381408,4313.1,4313.15
1639048441875,4308.6,4308.65
1639048502298,4304.3,4304.35
1639048561541,4302.7,4302.75
1639048621896,4303.6,4303.65
1639048681205,4301.1,4301.15
1639048741490,4298.45,4298.5
1639048801551,4299.45,4299.5
1639048861464,4299.5,4299.55
1639048921746,4309.35,4309.4
1639048982088,4309,4309.05
1639049041417,4305.1,4305.15
1639049101761,4303.35,4303.4
1639049162100,4298.3,4298.35
1639049221450,4299.75,4300.1
1639049281853,4297.85,4297.9
1639049342172,4301.15,4301.2
1639049401423,4305,4305.05
1639049461776,4303.1,4303.15
1639049522148,4292.85,4292.9
1639049581513,4294.65,4294.7
1639049641764,4292.8,4292.85
1639049702082,4293.5,4293.55
1639049761360,4294.35,4294.4
1639049821704,4292.4,4292.45
1639049882049,4287.55,4287.6
1639049941328,4295.1,4295.15
1639050001664,4295.65,4296.05
1639050062010,4302.15,4302.2
1639050121366,4302.5,4302.55
1639050181682,4298.85,4298.9
1639050242386,4301.1,4301.15
1639050301724,4302.35,4302.4
1639050362129,4298.65,4298.7
1639050421268,4299.35,4299.4
1639050481946,4304.6,4304.65
1639050541226,4313.85,4313.9
1639050601584,4317.1,4317.15
1639050661994,4315.85,4315.9
1639050721207,4319.95,4320
1639050781711,4317.25,4317.3
1639050841931,4315.6,4315.65
1639050901289,4313.1,4313.15
1639050962315,4312.1,4312.15
1639051021708,4310.9,4310.95
1639051082085,4314.5,4314.55
1639051141358,4311.75,4311.8
1639051201766,4306.85,4307.45
1639051262420,4303.1,4303.25
1639051321850,4299.65,4299.7
1639051382118,4291.85,4291.9
1639051441387,4275.95,4276
1639051501867,4272.6,4273.15
1639051562090,4279.2,4279.25
1639051622663,4289,4289.05
1639051681773,4294.45,4294.5
1639051741565,4295.1,4295.15
1639051802085,4297.1,4297.15
1639051861410,4297.25,4297.3
1639051921742,4293.95,4294
1639051982059,4292.6,4292.65
1639052041327,4302.1,4302.15
1639052101690,4310,4310.05
1639052156179,4322.3,4323.3
1639052221893,4320.85,4320.9
1639052283230,4316.45,4316.5
1639052341135,4306.85,4306.9
1639052400303,4296.25,4296.3
1639052462078,4299.65,4299.7
1639052521739,4305.25,4305.3
1639052582147,4307.35,4307.4
1639052641421,4309.95,4310
1639052701684,4308.1,4308.15
1639052761986,4299.75,4299.8
1639052821434,4306.1,4306.15
1639052881717,4305.3,4305.35
1639052942032,4301.6,4301.65
1639053001330,4301.1,4301.15
1639053061681,4294.45,4294.5
1639053122058,4295.1,4295.15
1639053181353,4296.1,4296.15
1639053241690,4298.9,4299
1639053301948,4297.6,4297.65
1639053361340,4299,4299.05
1639053422751,4306.3,4306.35
1639053481865,4305.65,4305.7
1639053541430,4304,4304.05
1639053602004,4306.6,4306.65
1639053661284,4297.7,4297.75
1639053721625,4298.35,4298.4
1639053781983,4303.1,4303.15
1639053841307,4306.75,4306.8
1639053901685,4311.2,4311.25
1639053962017,4307.5,4307.55
1639054021272,4310.4,4310.45
1639054081552,4309.8,4309.85
1639054141664,4313.1,4313.15
1639054201422,4315.85,4315.9
1639054261697,4314.35,4314.4
1639054322056,4316.45,4316.5
1639054381633,4317.2,4317.25
1639054442013,4314.8,4314.85
1639054501415,4314.55,4314.6
1639054561775,4315.25,4315.3
1639054622091,4317.7,4317.75
1639054681417,4316.5,4316.55
1639054742505,4313.25,4313.3
1639054801884,4311.2,4311.25
1639054861355,4308.1,4308.15
1639054921929,4306.7,4306.75
1639054981238,4306.2,4306.25
1639055041510,4307.15,4307.2
1639055102600,4305.1,4305.15
1639055161960,4302.1,4302.15
1639055221226,4295.1,4295.15
1639055281492,4293.4,4293.45
1639055341692,4290.6,4290.65
1639055401073,4290.35,4290.4
1639055462601,4289.75,4289.8
1639055521973,4293.35,4293.4
1639055581286,4292.1,4292.15
1639055641533,4287,4287.05
1639055701867,4287.85,4287.9
1639055761113,4287.3,4287.35
1639055821632,4283.35,4283.4
1639055881989,4282.65,4282.7
1639055941348,4286.85,4286.9
1639056001665,4289.85,4290.8
1639056061970,4291.6,4291.65
1639056121080,4283.4,4283.45
1639056181840,4279.8,4279.85
1639056242168,4277.15,4277.2
1639056301648,4280.35,4280.4
1639056361969,4277.9,4277.95
1639056421272,4277.4,4277.45
1639056481579,4280,4280.05
1639056541919,4286.25,4286.3
1639056601188,4288.85,4288.9
1639056661461,4291.1,4291.15
1639056721724,4284.05,4284.1
1639056782094,4279.45,4279.5
1639056841391,4282.5,4282.55
1639056901751,4286.2,4286.25
1639056962010,4290.1,4290.15
1639057021258,4295.45,4295.5
1639057081796,4293.7,4293.75
1639057142330,4298.35,4298.4
1639057201728,4299.6,4299.65
1639057262071,4296.35,4296.4
1639057321347,4300.35,4300.4
1639057381626,4308.35,4308.4
1639057441812,4306.1,4306.15
1639057500848,4301.85,4301.9
1639057561874,4309.35,4309.4
1639057622127,4303.45,4303.5
1639057681492,4303.4,4303.45
1639057741838,4297.6,4297.65
1639057802216,4297.5,4297.55
1639057861277,4303.35,4303.4
1639057921910,4302.4,4302.45
1639057981161,4305.85,4305.9
1639058041415,4305.6,4305.65
1639058101732,4304.2,4304.25
1639058162047,4305.35,4305.4
1639058221358,4303.7,4303.75
1639058281657,4299.5,4299.55
1639058342008,4299,4299.05
1639058401270,4304.35,4304.4
1639058462088,4302.85,4302.9
1639058521650,4306.35,4306.75
1639058582041,4312.35,4312.4
1639058641305,4316.5,4316.55
1639058701653,4312.6,4312.65
1639058762016,4311.2,4311.25
1639058821281,4307.75,4307.8
1639058881560,4308.05,4308.1
1639058941963,4308.35,4308.4
1639059001115,4302.1,4302.15
1639059061556,4302.6,4302.65
1639059121886,4299.6,4299.65
1639059182156,4301.75,4301.8
1639059241541,4301.8,4301.85
1639059301986,4304.85,4304.9
1639059361333,4309.85,4309.9
1639059421844,4304.85,4304.9
1639059482217,4305.65,4305.7
1639059541514,4297.6,4297.65
1639059601901,4292.45,4292.5
1639059661185,4288.6,4288.65
1639059721441,4288.85,4288.9
1639059781747,4291,4291.05
1639059842112,4289.45,4289.5
1639059901331,4286.6,4286.65
1639059961707,4282.2,4282.25
1639060022074,4286.35,4286.4
1639060081390,4289.85,4289.9
1639060142173,4292.85,4292.9
1639060201330,4290.1,4290.15
1639060262042,4280.5,4280.55
1639060321312,4276.35,4276.4
1639060377294,4260.35,4260.4
1639060434728,4270.1,4270.15
1639060497458,4264.85,4264.9
1639060561171,4265.35,4265.4
1639060621851,4265.35,4265.4
1639060682164,4270.8,4270.85
1639060741454,4270.1,4270.15
1639060801841,4264.6,4264.65
1639060862195,4274.6,4274.65
1639060921447,4274.15,4274.95
1639060981783,4270.7,4270.75
1639061042109,4267,4267.05
1639061101330,4269.1,4269.15
1639061161709,4265.6,4265.65
1639061221980,4260.3,4260.35
1639061280626,4253.8,4253.85
1639061340374,4250.95,4251
1639061392486,4241.6,4241.65
1639061456207,4247.4,4247.45
1639061520981,4237.1,4237.15
1639061581540,4244.35,4244.4
1639061642154,4248.95,4249
1639061701618,4240.05,4240.1
1639061761305,4236.1,4236.6
1639061821543,4238.85,4238.9
1639061882195,4236.75,4236.8
1639061941113,4238.1,4238.15
1639062002112,4234.9,4235.05
1639062061352,4222.25,4222.55
1639062121070,4224.1,4224.15
1639062181342,4220.6,4220.65
1639062242255,4229.85,4229.9
1639062301632,4233.1,4233.15
1639062362999,4242.65,4242.7
1639062419630,4249.4,4249.45
1639062482010,4249.4,4249.45
1639062541357,4250.05,4250.1
1639062601787,4242.85,4242.9
1639062661536,4241.55,4241.6
1639062721760,4233.6,4233.65
1639062781448,4237.6,4237.65
1639062841807,4239.85,4239.9
1639062901993,4246.8,4246.9
1639062961792,4239.35,4239.9
1639063022578,4235.05,4235.1
1639063082072,4235.6,4235.65
1639063141309,4228.25,4228.3
1639063201177,4221.15,4221.2
1639063258678,4202,4202.05
1639063312859,4202.7,4202.75
1639063381829,4188.9,4188.95
1639063441003,4175.6,4175.7
1639063496246,4161.95,4162
1639063561751,4180.15,4180.75
1639063621945,4174.4,4174.45
1639063680826,4168.4,4168.5
1639063741198,4159.25,4159.75
1639063801234,4165.45,4165.5
1639063861999,4151.4,4151.45
1639063920936,4155,4155.1
1639063981592,4157.2,4157.25
1639064041710,4166,4166.05
1639064102027,4165.5,4165.55
1639064161587,4173.45,4173.5
1639064221842,4176.7,4176.75
1639064281409,4177,4177.05
1639064341739,4171.75,4171.8
1639064402116,4169.45,4169.5
1639064461426,4175.5,4175.6
1639064521821,4186.85,4186.9
1639064581312,4193.95,4194
1639064641591,4189.1,4189.35
1639064701939,4187.55,4187.6
1639064756802,4202.65,4204.3
1639064821644,4190,4190.05
1639064881525,4191.05,4191.1
1639064941954,4200.55,4200.6
1639065001312,4201.2,4201.25
1639065061744,4207.6,4207.65
1639065122030,4200.6,4200.65
1639065181320,4192.9,4192.95
1639065241613,4194.05,4194.1
1639065301962,4193.65,4193.7
1639065361081,4196.35,4196.4
1639065421775,4197.6,4197.65
1639065482085,4199.2,4199.25
1639065541407,4202.85,4202.9
1639065601738,4203.8,4203.85
1639065662317,4193.35,4193.4
1639065722174,4195.15,4195.75
1639065781469,4200.1,4200.15
1639065841778,4189.25,4189.3
1639065902045,4180.9,4180.95
1639065961330,4184.85,4184.9
1639066022364,4196.55,4196.6
1639066081675,4200.15,4200.2
1639066142005,4196.4,4196.45
1639066201243,4198.7,4198.75
1639066261545,4206.4,4206.45
1639066321967,4201.35,4201.4
1639066381614,4193.6,4193.65
1639066441880,4190.3,4190.35
1639066501258,4188.95,4189
1639066561627,4194.75,4194.85
1639066621983,4190.5,4190.55
1639066681248,4196.4,4196.45
1639066741560,4202.15,4202.2
1639066801930,4199.05,4199.1
1639066861209,4191.5,4191.55
1639066921583,4192.9,4192.95
1639066981875,4198,4198.05
1639067041257,4192.55,4192.6
1639067101507,4199.55,4200.65
1639067161894,4198.35,4198.4
1639067222256,4192,4192.05
1639067281484,4199.3,4199.35
1639067342521,4203.65,4203.7
1639067402114,4204.8,4204.85
1639067461439,4206.95,4207.05
1639067521663,4211.4,4211.45
1639067582050,4219.9,4219.95
1639067641365,4218.1,4218.15
1639067701707,4217.85,4217.9
1639067761961,4215.75,4215.8
1639067821278,4221.85,4221.9
1639067881587,4224.35,4224.4
1639067941897,4225.1,4225.15
1639068002152,4233.15,4233.4
1639068061744,4225.25,4225.3
1639068122132,4226.6,4226.65
1639068181468,4224.5,4224.55
1639068241727,4221.2,4221.25
1639068301995,4223.45,4223.5
1639068361287,4214.55,4214.6
1639068421575,4220.35,4220.4
1639068481830,4223.3,4223.35
1639068542168,4225.6,4225.65
1639068601511,4223.05,4223.1
1639068661723,4225.05,4225.1
1639068722172,4223.15,4223.2
1639068781459,4226.3,4226.35
1639068841722,4222.35,4222.4
1639068902078,4224.6,4224.65
1639068961395,4225.4,4225.45
1639069021721,4222.8,4222.85
1639069082046,4218.7,4218.75
1639069141364,4215.85,4215.9
1639069201705,4206.65,4206.7
1639069262816,4212.35,4212.4
1639069321532,4216.35,4216.4
1639069382005,4220,4220.05
1639069441276,4215.1,4215.15
1639069501618,4216.85,4216.9
1639069561924,4213.7,4213.75
1639069621241,4217,4217.05
1639069681510,4218.35,4218.4
1639069741851,4217.8,4217.85
1639069801218,4219.8,4219.85
1639069861523,4216.85,4216.9
1639069921892,4221,4221.05
1639069982257,4221.25,4221.3
1639070041554,4222.7,4222.75
1639070101940,4224.35,4224.4
1639070161246,4222.15,4222.2
1639070221517,4227.35,4227.4
1639070281791,4229.3,4229.35
1639070342090,4223.3,4223.35
1639070401438,4223.05,4223.1
1639070461793,4222.15,4222.2
1639070522086,4220.25,4220.3
1639070581349,4220.85,4220.9
1639070641642,4222.85,4222.9
1639070702024,4233.15,4233.2
1639070761279,4225.85,4225.9
1639070821543,4219.65,4219.7
1639070881920,4216.1,4216.15
1639070941197,4217.85,4217.9
1639071001509,4214.7,4214.75
1639071062706,4210.85,4210.9
1639071122037,4207.6,4207.65
1639071181297,4208.65,4208.7
1639071241670,4211.35,4211.4
1639071302037,4210.85,4210.9
1639071361293,4212.65,4212.7
1639071421568,4215.35,4215.4
1639071481901,4209.6,4209.65
1639071541176,4203.65,4203.7
1639071601512,4200.35,4200.4
1639071661777,4200.7,4200.75
1639071722450,4203.35,4203.4
1639071781879,4202.85,4202.9
1639071842214,4195.6,4195.65
1639071902456,4193.6,4193.65
1639071961945,4192.3,4192.35
1639072021332,4191.75,4191.8
1639072081652,4191.45,4192.1
1639072141962,4190.3,4190.35
1639072201298,4191.2,4191.25
1639072261579,4188.15,4188.2
1639072321914,4195.95,4196
1639072381231,4192.9,4192.95
1639072442146,4192.85,4192.9
1639072501499,4181.75,4181.8
1639072561845,4181.3,4181.35
1639072622189,4175.85,4176.2
1639072681650,4173.35,4173.4
1639072742000,4164.85,4164.9
1639072801381,4165.4,4165.45
1639072861965,4176.6,4176.65
1639072921852,4174.15,4174.2
1639072981230,4175.6,4175.65
1639073041479,4169,4169.55
1639073101900,4161.15,4161.2
1639073161213,4157.45,4157.5
1639073221480,4157.4,4157.45
1639073281714,4162.2,4162.25
1639073342163,4165.65,4165.7
1639073401545,4173.05,4173.1
1639073461853,4171.7,4171.75
1639073522213,4166.5,4166.55
1639073581557,4162.8,4162.85
1639073641927,4156.5,4156.55
1639073701252,4165.2,4165.25
1639073761585,4171.85,4171.9
1639073821864,4180.5,4180.55
1639073882240,4176.1,4176.15
1639073941674,4168.55,4168.6
1639074002778,4165.5,4165.55
1639074062091,4163.85,4163.9
1639074121400,4154.3,4154.35
1639074181707,4149.95,4150
1639074242049,4149.35,4149.8
1639074301379,4147.8,4147.85
1639074361682,4135.85,4135.9
1639074421788,4125,4125.05
1639074481742,4122.55,4122.6
1639074542061,4120.7,4120.75
1639074601478,4125.85,4125.9
1639074662289,4123.35,4124.15
1639074721578,4114.5,4114.55
1639074781874,4118.9,4118.95
1639074842186,4110.65,4110.7
1639074901578,4112.3,4112.35
1639074961939,4106.95,4107
1639075021239,4103.95,4104
1639075081518,4114.55,4114.6
1639075141842,4117.8,4117.85
1639075202272,4124.45,4124.5
1639075261588,4122.6,4122.65
1639075321922,4116.35,4116.4
1639075381252,4112.7,4112.75
1639075441560,4119.3,4119.35
1639075501949,4113.5,4113.95
1639075561274,4124.15,4124.2
1639075621680,4125.9,4125.95
1639075682060,4117.2,4117.25
1639075741380,4115.75,4115.8
1639075801736,4116.8,4116.85
1639075862084,4106.95,4107
1639075921469,4104.55,4104.6
1639075981792,4101.55,4101.6
1639076042892,4110.6,4110.65
1639076101197,4111.2,4111.25
1639076161483,4121.4,4121.45
1639076221806,4127.45,4128.35
1639076282189,4137.65,4137.7
1639076341514,4129.7,4129.75
1639076401938,4127.05,4127.1
1639076461562,4132.65,4132.7
1639076522884,4136.8,4136.85
1639076582153,4135.3,4135.35
1639076641452,4135.2,4135.25
1639076701863,4126,4126.05
1639076762240,4125.1,4125.15
1639076821506,4136.95,4137
1639076881831,4140.9,4141.2
1639076942136,4147.55,4148.15
1639077001426,4143.3,4143.35
1639077061981,4135.1,4135.15
1639077121282,4132.65,4132.7
1639077181550,4140.25,4140.85
1639077241832,4133.2,4133.25
1639077302205,4132.7,4132.75
1639077361472,4129.4,4130.15
1639077421844,4132.7,4132.75
1639077482242,4139.2,4139.25
1639077541523,4145,4145.05
1639077601919,4139.25,4139.3
1639077661264,4140.45,4140.5
1639077721534,4136.95,4137
1639077782229,4141.35,4141.4
1639077841457,4148,4148.05
1639077901670,4151,4151.05
1639077962066,4150.95,4151
1639078021362,4144.45,4144.5
1639078081648,4142.8,4142.85
1639078142017,4144.8,4144.85
1639078201316,4144.75,4144.8
1639078261585,4150.2,4150.25
1639078321824,4144.1,4144.15
1639078381182,4142.75,4142.8
1639078441453,4147.3,4147.35
1639078501804,4153.85,4153.9
1639078562131,4152.25,4152.3
1639078621420,4154.45,4154.5
1639078681736,4164.95,4165.65
1639078742094,4163.5,4163.55
1639078801386,4164.2,4164.25
1639078861716,4163,4163.05
1639078922027,4162.35,4162.4
1639078981328,4152.95,4153
1639079041571,4143.25,4143.3
1639079101931,4142.25,4142.3
1639079161197,4140.75,4140.8
1639079221486,4138.85,4138.9
1639079281858,4135.25,4135.3
1639079342214,4135.95,4136
1639079401518,4144.6,4144.65
1639079461792,4144.4,4144.45
1639079522083,4142.35,4142.4
1639079581392,4137.1,4137.15
1639079641734,4135.35,4135.4
1639079702070,4135.95,4136
1639079761426,4127.6,4127.65
1639079821770,4123.85,4123.9
1639079882449,4128.25,4128.3
1639079941809,4126.6,4126.65
1639080002263,4122.95,4123
1639080061862,4121.25,4121.3
1639080121356,4131.3,4131.35
1639080182095,4125.45,4125.5
1639080241461,4114.55,4114.6
1639080301802,4108.05,4108.1
1639080362070,4106,4106.05
1639080421480,4102.05,4102.1
1639080481803,4104.85,4105.7
1639080542217,4110.25,4110.3
1639080601520,4104.65,4105.05
1639080661867,4104.1,4104.15
1639080722207,4095.5,4095.55
1639080781491,4089.5,4090.05
1639080841948,4088.15,4088.2
1639080901188,4085.85,4085.9
1639080961612,4096.65,4096.7
1639081022041,4109.9,4109.95
1639081081325,4110.55,4110.6
1639081141669,4114.8,4114.85
1639081201816,4124.45,4124.5
1639081261471,4115.35,4115.4
1639081321795,4110.7,4110.75
1639081382112,4104.8,4104.85
1639081441425,4112.6,4112.65
1639081501946,4106.8,4106.85
1639081561222,4098.85,4098.9
1639081621509,4102.4,4102.45
1639081681825,4110.25,4110.3
1639081742100,4106.85,4106.9
1639081801386,4100.35,4100.4
1639081861838,4106.7,4106.75
1639081921224,4106.55,4106.6
1639081981491,4099.4,4099.45
1639082041804,4090.55,4090.6
1639082102145,4089.25,4089.3
1639082161512,4090.4,4090.45
1639082221730,4084.55,4084.6
1639082281257,4085.35,4085.4
1639082341546,4093.85,4093.9
1639082401940,4095.55,4095.6
1639082461193,4088.55,4088.6
1639082521615,4093.3,4093.35
1639082582027,4083.8,4083.85
1639082641286,4079.4,4080.5
1639082701903,4082.15,4082.2
1639082761192,4079.05,4079.1
1639082821466,4089.05,4089.1
1639082881780,4093.5,4093.55
1639082942961,4103.2,4103.25
1639083001076,4094.6,4094.65
1639083061754,4092.3,4092.35
1639083122028,4098.25,4098.3
1639083181363,4104,4104.05
1639083241614,4098.8,4098.85
1639083302788,4100.35,4100.4
1639083362078,4100.2,4100.25
1639083421528,4110.55,4110.6
1639083481879,4112.3,4112.35
1639083542229,4118.85,4118.9
1639083601554,4123.55,4123.6
1639083662398,4133,4133.05
1639083721847,4128.1,4128.15
1639083781197,4124.9,4124.95
1639083841447,4113.3,4113.35
1639083901799,4115.15,4115.2
1639083962145,4122.3,4123.05
1639084021897,4121.5,4121.55
1639084081207,4128.1,4128.15
1639084141535,4136.05,4136.1
1639084201894,4135.3,4135.35
1639084261233,4136.3,4136.35
1639084321597,4132.65,4132.7
1639084381946,4135.3,4135.35
1639084441234,4139.5,4139.55
1639084501523,4135.95,4136
1639084561978,4138.65,4138.7
1639084621283,4131.85,4131.9
1639084681623,4133.55,4133.6
1639084741958,4147.85,4147.9
1639084801191,4149.3,4149.35
1639084861577,4143.45,4144.5
1639084921993,4145.75,4145.8
1639084981256,4145.3,4145.35
1639085042086,4141.7,4141.75
1639085101489,4141,4141.05
1639085161861,4139.5,4139.55
1639085222154,4149.95,4150
1639085281658,4161.75,4161.8
1639085341982,4158.65,4158.7
1639085401281,4153.1,4153.15
1639085461608,4150.65,4150.7
1639085521879,4146.4,4146.45
1639085582650,4144.45,4144.5
1639085641872,4143.65,4143.7
1639085701231,4146.4,4146.45
1639085761599,4138.5,4138.55
1639085821985,4139.75,4139.8
1639085881235,4142.45,4142.5
1639085941610,4142.3,4142.35
1639086001977,4151.8,4151.85
1639086061379,4151,4151.05
1639086121658,4146.75,4146.8
1639086181970,4155,4155.05
1639086241303,4159.3,4159.35
1639086301548,4174.4,4174.45
1639086362126,4173.45,4173.5
1639086421430,4173.8,4173.9
1639086481743,4166,4166.05
1639086542896,4164,4164.55
1639086602296,4169.85,4169.9
1639086661605,4169.8,4169.85
1639086721989,4179.05,4179.1
1639086781197,4178.45,4178.5
1639086841601,4171.55,4171.6
1639086902326,4173.8,4173.85
1639086961685,4170.75,4170.8
1639087021969,4171.25,4171.3
1639087081313,4171.85,4171.95
1639087141608,4165.75,4165.8
1639087202325,4166.2,4166.25
1639087262178,4170,4170.05
1639087321459,4178.5,4179.45
1639087381315,4186.2,4186.25
1639087441475,4194.4,4194.45
1639087501926,4197.95,4198
1639087561162,4203.4,4203.45
1639087621449,4193.35,4193.4
1639087681730,4189.75,4189.8
1639087741214,4190.4,4191.15
1639087801511,4192.4,4192.6
1639087861863,4187.9,4187.95
1639087921674,4181.85,4182
1639087981995,4181.55,4182.5
1639088041733,4179.65,4180
1639088102103,4181.55,4181.9
1639088161399,4177.9,4178.05
1639088221748,4178,4178.05
1639088282100,4188.3,4188.4
1639088341361,4190.45,4190.5
1639088401768,4186.8,4187.9
1639088462076,4181.35,4181.6
1639088521372,4178.85,4179.25
1639088581755,4178.7,4180.05
1639088641996,4183.75,4184.9
1639088701441,4187,4187.05
1639088761788,4189.15,4189.7
1639088822147,4184.8,4184.85
1639088881424,4183.25,4183.6
1639088941690,4185.2,4185.25
1639089002008,4183.4,4183.65
1639089061434,4182.55,4182.8
1639089122149,4180.55,4180.8
1639089181383,4180.05,4180.1
1639089241715,4177.1,4177.45
1639089302020,4175.35,4175.4
1639089361385,4175.45,4175.5
1639089421746,4174.5,4174.55
1639089482445,4173.5,4173.75
1639089541708,4170.2,4170.65
1639089602056,4163.75,4163.8
1639089661339,4153.35,4153.4
1639089721569,4151.4,4151.45
1639089781905,4148.05,4148.1
1639089841239,4142.45,4142.5
1639089901587,4147.3,4147.35
1639089961952,4154.9,4154.95
1639090021236,4148.65,4148.7
1639090081519,4154.3,4154.35
1639090142957,4156.6,4156.65
1639090201220,4163.5,4164.25
1639090261470,4162.65,4162.7
1639090321791,4164.4,4164.45
1639090382140,4168.4,4168.45
1639090441422,4170.7,4170.75
1639090501785,4170.2,4170.25
1639090562096,4160.9,4160.95
1639090621457,4164.8,4164.85
1639090681836,4161.8,4161.85
1639090742108,4162.2,4162.25
1639090801382,4169.55,4169.6
1639090862446,4159.55,4159.6
1639090922009,4156.35,4156.4
1639090981383,4160.85,4160.9
1639091041711,4158.3,4158.35
1639091102004,4162.85,4162.9
1639091161284,4169.2,4169.25
1639091221553,4173.25,4173.3
1639091282071,4167.5,4167.55
1639091341386,4168.75,4168.8
1639091401764,4171.6,4171.65
1639091462154,4171.7,4171.75
1639091521484,4179.15,4179.2
1639091582554,4181.55,4181.6
1639091641773,4180.35,4180.4
1639091702141,4180.3,4180.35
1639091761473,4181,4181.05
1639091821852,4184.7,4184.75
1639091882134,4187.35,4187.4
1639091941494,4183.75,4183.8
1639092001807,4187.95,4188
1639092062052,4185.9,4185.95
1639092121420,4181.7,4181.75
1639092181736,4180.95,4181
1639092242061,4184.65,4184.7
1639092301364,4186.9,4186.95
1639092361639,4182.75,4182.8
1639092421877,4176.3,4176.35
1639092481144,4177.15,4177.2
1639092541617,4177.15,4177.2
1639092601981,4179.25,4179.3
1639092661249,4175.35,4175.4
1639092721497,4178.45,4178.5
1639092781873,4186,4186.05
1639092841223,4182.65,4182.7
1639092901604,4176.4,4176.45
1639092961894,4172.25,4172.3
1639093021099,4169.55,4169.6
1639093081557,4167.45,4167.5
1639093141944,4166.85,4166.9
1639093201226,4170.7,4170.75
1639093261703,4172.4,4172.45
1639093322483,4166.55,4166.6
1639093381755,4165.35,4165.4
1639093442108,4162.2,4162.25
1639093501425,4161.45,4161.5
1639093561701,4150.95,4151
1639093622033,4153.75,4153.8
1639093681331,4156.6,4156.65
1639093741542,4155.05,4155.1
1639093801961,4157.4,4157.45
1639093861265,4152.95,4153
1639093921514,4150.2,4150.25
1639093981781,4148.55,4148.6
1639094042101,4147.25,4147.3
1639094101444,4139.55,4139.6
1639094162035,4135.9,4135.95
1639094221216,4128.4,4130.05
1639094281780,4119.1,4119.15
1639094342182,4119.1,4119.15
1639094402450,4105.95,4106
1639094462347,4119.9,4119.95
1639094521948,4122.4,4122.45
1639094581080,4109.2,4109.65
1639094641703,4105.5,4105.55
1639094702192,4113.8,4113.85
1639094761510,4124.8,4124.85
1639094821868,4128.5,4128.55
1639094882245,4131.75,4131.8
1639094941526,4132.65,4132.7
1639095001979,4141.3,4141.35
1639095061241,4149,4149.05
1639095121606,4139.35,4139.4
1639095181962,4130.35,4130.4
1639095241213,4125.05,4125.1
1639095301544,4138.3,4138.35
1639095361228,4142.6,4142.65
1639095421571,4138.3,4138.35
1639095481895,4136.9,4137.4
1639095542190,4135.35,4135.4
1639095601421,4127.2,4127.25
1639095661965,4123.8,4123.85
1639095721221,4126.45,4126.5
1639095781573,4128.55,4128.6
1639095841944,4129.05,4129.1
1639095901210,4132.8,4133.45
1639095961450,4131.35,4131.4
1639096021786,4123.6,4124
1639096082157,4126.65,4126.7
1639096141498,4132.4,4132.45
1639096201817,4138.8,4138.85
1639096262194,4147.45,4147.5
1639096321509,4151.8,4151.85
1639096381786,4173.75,4173.8
1639096440960,4192.35,4192.45
1639096502139,4183.55,4183.6
1639096561627,4194.15,4194.2
1639096622039,4192.6,4192.65
1639096681353,4184.3,4184.35
1639096741661,4178.2,4178.25
1639096802015,4172.8,4172.85
1639096861323,4144,4144.05
1639096921586,4138.25,4138.3
1639096981974,4136.55,4137.55
1639097041336,4143.65,4143.7
1639097102344,4146.7,4146.75
1639097161676,4141.6,4141.65
1639097221904,4151.6,4151.9
1639097281293,4138.6,4138.65
1639097341565,4146.7,4146.75
1639097401922,4136.15,4136.55
1639097461269,4145.1,4145.15
1639097521514,4141.35,4141.4
1639097581837,4141.85,4141.9
1639097642098,4140,4140.05
1639097701370,4129.95,4130
1639097761594,4133.5,4133.55
1639097821880,4126.05,4126.1
1639097881284,4130.5,4130.55
1639097941608,4124.2,4124.85
1639098001867,4125.3,4125.35
1639098062117,4113.45,4113.5
1639098121663,4110.85,4110.9
1639098181971,4106.3,4106.7
1639098241248,4107.95,4108
1639098301575,4104.45,4104.5
1639098361944,4103.8,4103.85
1639098421991,4115.3,4115.35
1639098481040,4124.1,4124.15
1639098541835,4129.7,4129.75
1639098602206,4134.65,4134.7
1639098661700,4133.45,4133.5
1639098722037,4140.65,4140.7
1639098781350,4135.95,4136
1639098841647,4143.35,4143.4
1639098902022,4147.3,4147.35
1639098961728,4142.25,4142.3
1639099022243,4141.9,4141.95
1639099081512,4146.4,4146.45
1639099141867,4152.6,4152.65
1639099202255,4154.75,4154.8
1639099261530,4155.75,4155.8
1639099321852,4168.1,4168.15
1639099381168,4164.2,4164.25
1639099441635,4163.25,4163.3
1639099502039,4159.65,4159.7
1639099561331,4153.85,4153.9
1639099621665,4156.75,4156.8
1639099681967,4165.8,4165.85
1639099741282,4166.95,4167
1639099801572,4169.45,4169.5
1639099861927,4162.25,4162.3
1639099921242,4162.05,4162.1
1639099981473,4160.2,4160.25
1639100042081,4159.6,4159.65
1639100101414,4152.45,4152.5
1639100161750,4147.4,4147.45
1639100222487,4150.65,4150.7
1639100281641,4156.65,4156.7
1639100342199,4158.8,4158.85
1639100401507,4154.45,4154.5
1639100461850,4155.25,4155.3
1639100522220,4158.65,4158.7
1639100581531,4163.8,4163.85
1639100641893,4165.15,4165.2
1639100702205,4163.8,4163.85
1639100761513,4159.65,4159.7
1639100821753,4154.75,4154.8
1639100882537,4159.7,4159.75
1639100941840,4156.6,4156.65
1639101002192,4160,4160.05
1639101061449,4162.45,4162.5
1639101121749,4172.75,4172.8
1639101181893,4172,4172.05
1639101242065,4173.2,4173.25
1639101301224,4171,4171.05
1639101361646,4170.75,4170.8
1639101421986,4166.85,4166.9
1639101481304,4163.05,4163.1
1639101541602,4161.05,4161.1
1639101602013,4158.65,4158.7
1639101661595,4157.75,4157.8
1639101722063,4166,4166.05
1639101781500,4165,4165.05
1639101841803,4159.85,4159.9
1639101902946,4156.65,4156.7
1639101961241,4152.9,4152.95
1639102021542,4151.55,4151.6
1639102081925,4145.8,4145.85
1639102141190,4143.7,4143.75
1639102201632,4142.25,4142.3
1639102261970,4144.7,4144.75
1639102321291,4144.35,4144.4
1639102381666,4145.9,4145.95
1639102442027,4151.8,4151.85
1639102501307,4154.2,4154.25
1639102561637,4149.95,4150
1639102622369,4152.4,4152.6
1639102681738,4152.2,4152.25
1639102742108,4156.15,4156.2
1639102801415,4164.35,4164.4
1639102861758,4170.75,4170.8
1639102922053,4172.05,4172.1
1639102981682,4166,4166.05
1639103042051,4171.25,4171.3
1639103101255,4172.1,4173.1
1639103161815,4173.15,4173.2
1639103222201,4175.6,4175.65
1639103281452,4173.1,4173.15
1639103341830,4170.9,4170.95
1639103402198,4168.2,4168.25
1639103461506,4167.2,4167.25
1639103521854,4162.15,4162.2
1639103582115,4166.1,4166.15
1639103641515,4171.65,4171.7
1639103702228,4171.7,4171.75
1639103761554,4168.95,4169
1639103821876,4171.25,4171.3
1639103882231,4173.8,4173.85
1639103941592,4176.85,4176.9
1639104001977,4179,4179.05
1639104061274,4176.35,4176.4
1639104121595,4173.25,4173.3
1639104181917,4181.65,4181.7
1639104241258,4181.05,4181.1
1639104301669,4184.1,4184.15
1639104362026,4186,4186.05
1639104421302,4186.4,4186.45
1639104481591,4181.75,4181.8
1639104541956,4180.8,4180.85
1639104601256,4175.3,4175.35
1639104661448,4173.05,4173.1
1639104722548,4171.25,4171.3
1639104781869,4172.9,4172.95
1639104842180,4169.1,4169.15
1639104901526,4166.15,4166.2
1639104961817,4168.15,4168.2
1639105022175,4166.65,4166.7
1639105081505,4167.45,4167.5
1639105141865,4172.55,4172.6
1639105202326,4168.35,4168.4
1639105261914,4169.65,4169.7
1639105321482,4169.8,4169.85
1639105381762,4171.45,4171.5
1639105442101,4165.25,4165.3
1639105501375,4161.75,4161.8
1639105561639,4163.8,4163.85
1639105621926,4163.1,4163.15
1639105682113,4155.85,4155.9
1639105741598,4153.2,4153.25
1639105801905,4154.45,4154.5
1639105861196,4153.6,4153.65
1639105921505,4152.25,4152.3
1639105981810,4152.75,4152.8
1639106042138,4152.9,4152.95
1639106101420,4154.8,4154.85
1639106161913,4155.7,4155.75
1639106222138,4152.65,4152.7
1639106281452,4156.35,4156.4
1639106341810,4153.9,4153.95
1639106402183,4150.85,4150.9
1639106461481,4147.3,4147.35
1639106521783,4149.3,4149.35
1639106582113,4147.1,4147.15
1639106641399,4149.4,4149.45
1639106701757,4152.85,4152.9
1639106762113,4152.1,4152.15
1639106821434,4154,4154.05
1639106881753,4151.5,4151.55
1639106942065,4147.7,4147.75
1639107001394,4148.65,4148.7
1639107061791,4144,4144.05
1639107122063,4147.15,4147.2
1639107181383,4145.3,4145.35
1639107241719,4143.35,4143.4
1639107302147,4143.7,4143.75
1639107361430,4146.9,4146.95
1639107421695,4138.5,4138.55
1639107482000,4137.75,4137.8
1639107541246,4138.3,4138.35
1639107601907,4138.35,4138.4
1639107661196,4136.05,4136.1
1639107721490,4130.2,4130.25
1639107781808,4128.1,4128.15
1639107842070,4132.5,4132.55
1639107901305,4132.7,4132.75
1639107962009,4133.9,4133.95
1639108021180,4139.35,4139.4
1639108081561,4140.25,4140.3
1639108141919,4141.9,4141.95
1639108201221,4141.25,4141.3
1639108261442,4145.85,4145.9
1639108321770,4147.45,4147.5
1639108382087,4146.45,4146.5
1639108441499,4140.65,4140.7
1639108501878,4141.9,4141.95
1639108562580,4144.95,4145
1639108621927,4148.1,4148.15
1639108681228,4145.85,4145.9
1639108741436,4147.55,4147.6
1639108801897,4143.25,4143.3
1639108861427,4144.95,4145
1639108922003,4149.1,4149.5
1639108981364,4151.55,4151.6
1639109041648,4149.15,4149.2
1639109102043,4148.1,4148.15
1639109161241,4141.9,4141.95
1639109221523,4138.3,4138.35
1639109281738,4136.7,4136.75
1639109342227,4139.55,4139.6
1639109401616,4132.3,4132.35
1639109461886,4129.25,4129.3
1639109521221,4135.8,4135.85
1639109581542,4139.05,4139.1
1639109641907,4144.8,4144.85
1639109701188,4149.6,4149.65
1639109761479,4154.8,4154.85
1639109821663,4154.9,4154.95
1639109881243,4153.25,4153.3
1639109941423,4149.1,4149.15
1639110001923,4155.35,4155.4
1639110061188,4158.15,4158.2
1639110121476,4160.85,4160.9
1639110181844,4165.85,4165.9
1639110242204,4162.55,4163.1
1639110301487,4159.45,4159.5
1639110361842,4157.05,4157.1
1639110422151,4156.65,4156.7
1639110481456,4159.65,4160.15
1639110541833,4158.6,4158.65
1639110602208,4160.15,4160.2
1639110661556,4160.25,4160.3
1639110721886,4155.35,4155.4
1639110781046,4151.85,4151.9
1639110841458,4152.9,4152.95
1639110901766,4152.3,4152.35
1639110962089,4155.6,4155.65
1639111021381,4153.65,4153.7
1639111081723,4151.15,4151.2
1639111142029,4151.5,4151.55
1639111201405,4142.9,4142.95
1639111261725,4139.05,4139.1
1639111322056,4136.5,4136.55
1639111381281,4134.5,4134.55
1639111441612,4135.1,4135.15
1639111501918,4135.6,4135.65
1639111561192,4139.25,4139.3
1639111621434,4139.45,4139.5
1639111683206,4143.25,4143.3
1639111741544,4143.7,4143.75
1639111801940,4147.3,4147.35
1639111861256,4139.55,4139.6
1639111921583,4135.9,4135.95
1639111981825,4135.9,4135.95
